2666 4138
387 717 754 850 PRAEFATIO

521 889 623 898 -n-——n-

155 1003 331 1080 Propertius
346 1018 435 1080 quem
447 1008 537 1065 'certo
557 1007 722 1082 speraverit
735 1007 864 1066 nominis
878 1008 1053 1068 immortali-

91 1091 196 1162 tatem,
211 1088 375 1149 iustissima
390 1089 510 1166 quidem
524 1091 577 1149 illa
591 1109 709 1233 quem
718 1091 832 1150 meritis
848 1092 943 1150 oritur
956 1091 1054 1151 firma·

713 1193 834 1234 suorum
846 1177 914 1252 apte
926 1173 1053 1236 declara-

90 1176 142 1232 tus
156 1174 304 1248 superbia,
321 1171 523 1249 compluribus
537 1175 649 1234 carmin

90 1258 138 1318 vit
151 1257 233 1331 locis,
249 1257 344 1317 veluti
356 1257 426 1318 hoc:

177 1359 284 1416 meque
298 1342 377 1401 inter
391 1359 473 1402 seros
487 1341 622 1402 laudabit
636 1343 731 1402 Roma
745 1346 880 1420 nepotes,

177 1425 264 1483 illum
277 1429 347 1501 post
361 1427 473 1485 cineres
489 1445 619 1503 auguror
633 1429 696 1502 ipse
712 1427 801 1488 diem.

178 1506 216 1568 ne
230 1527 297 1568 mec
311 1513 480 1586 contempto
495 1511 572 1586 lepis
586 1511 698 1571 indicet
712 1529 780 1572 ossa
793 1513 940 1588 sepulum,

177 1593 360 1668 provisumst
373 1594 466 1670 Lycio
480 1599 551 1654 vota
564 1595 710 1670 probante
724 1596 789 1656 deo.

156 1677 323 1737 Fatendum
337 1681 438 1738 tamen
453 1681 592 1738 eventum
606 1679 694 1740 huus
715 1679 831 1755 augurii
845 1697 906 1738 non
920 1681 992 1740 satis
1007 1697 1053 1740 re·

90 1761 247 1837 spondisse
265 1762 337 1838 spei,
359 1765 439 1822 certe
460 1765 528 1828 unte
548 1763 667 1838 pulsem
681 1763 798 1823 seeculo
813 1761 869 1822 XV
883 1763 973 1821 medii
988 1764 1053 1824 aevi

89 1845 271 1905 barbariem.

156 1929 203 1988 Ex
223 1930 395 2006 aequalibus
415 1931 535 2007 quidem
550 1929 674 1991 Ovidius
689 1931 793 2008 quanti
807 1948 876 1990 cum
889 1930 995 1989 fecerit
1008 1947 1053 1990 sa·

89 2014 131 2074 tis
158 2013 289 2073 declaret
315 2014 443 2090 propriis
472 2015 662 2076 testimoniis.
705 2013 790 2073 Idem
821 2015 951 2073 carmina
980 2015 1052 2088 eius,

88 2099 181 2174 plane
196 2101 231 2157 ut
246 2098 359 2158 Tibulli
370 2098 559 2175 acLygdemi
573 2101 604 2158 et
617 2097 779 2159 laudntoris
792 2097 957 2172 Messallae,
965 2115 1053 2175 saepe

89 2181 238 2242 imitando
253 2183 406 2259 expressit.
434 2183 511 2254 Quid
525 2183 605 2259 quod
618 2183 774 2242 heroidum
788 2182 900 2242 librum
914 2185 946 2243 et
959 2183 1052 2243 fastos

90 2267 166 2326 duce
180 2282 215 2325 ac
226 2267 372 2344 magistro
386 2267 524 2343 inprimis
539 2267 697 2344 Propertio
712 2265 843 2328 creditur
863 2268 1052 2345 conscripsis-

90 2349 146 2411 se?
163 2349 304 2410 Ceterum
317 2355 355 2410 'nc
369 2351 467 2426 primo
482 2351 602 2426 quidem
615 2371 645 2427 p.
662 2349 715 2410 Oh.
730 2371 761 2411 n.
782 2352 898 2411 saeculo
913 2351 1054 2411 videntur

90 2435 237 2508 defuisse,
258 2435 310 2510 qui
324 2435 515 2510 Propertium
535 2453 594 2511 quo
614 2454 670 2511 par
690 2438 754 2493 eret
772 2434 918 2494 haberent
930 2435 1052 2494 honore.

89 2519 170 2578 Nam
191 2521 223 2578 et
238 2517 351 2578 Statius
370 2519 433 2578 eius
453 2519 592 2578 meminit
611 2535 679 2578 cum
692 2517 779 2578 laude
793 2537 848 2578 nee
861 2519 961 2578 minus
975 2519 1050 2577 Mar-

88 2603 172 2663 tielis
194 2605 226 2662 et
246 2602 398 2663 Secundus
419 2601 544 2662 Plinius.
573 2601 734 2663 Praeterea
753 2607 856 2662 auctor
876 2605 923 2663 est
938 2601 1053 2674 Quinti·

88 2689 190 2747 lienus
204 2687 296 2748 fuisse
311 2688 363 2762 qui
376 2685 424 2745 illi
433 2686 634 2764 principatum
645 2688 724 2747 inter
735 2687 881 2765 elegiacos
892 2685 1052 2765 deferrent,

89 2771 259 2831 rectissimo
273 2771 394 2848 quidem
409 2771 466 2844 illi,
481 2790 530 2830 me
545 2773 570 2831 si
585 2771 696 2846 audies,
711 2772 758 2832 usi
772 2771 891 2832 iudicio.
913 2767 1053 2832 Ceterum

90 2855 220 2916 eundem
240 2854 429 2914 admirationi
448 2855 544 2932 magis
564 2855 655 2914 fuisse
676 2855 840 2916 cultissimo
854 2855 923 2914 huic
937 2855 1053 2915 saeculo

89 2957 181 3016 qnam
206 2940 341 3015 exemplo
373 2941 497 3015 apparet
521 2939 678 3014 poetarum
701 2938 790 2998 huius
817 2939 976 3015 temporis,
1002 2938 1054 3012 qui

88 3022 171 3082 haud
185 3024 272 3098 penci
287 3025 437 3099 superant,
458 3023 554 3082 libris.
583 3019 624 3082 Et
638 3025 685 3082 est
698 3041 769 3083 sene
784 3021 912 3082 difficilis
926 3021 1053 3096 Proper-

88 3109 162 3180 tius,
183 3107 266 3166 cuius
287 3125 390 3168 sensus
410 3124 444 3166 eo
463 3107 594 3168 rationes
613 3107 672 3168 nisi
692 3106 921 3184 diligentissimo
940 3105 1055 3180 pariter

89 3210 122 3250 ac
137 3191 315 3268 longIssimo
331 3191 429 3252 studio
443 3193 611 3268 perspicere
625 3207 687 3251 non
696 3190 802 3266 possis,
814 3187 867 3248 sed
880 3191 916 3248 ut
929 3207 980 3248 eos
994 3205 1053 3264 quo

88 3275 189 3352 magis
201 3275 368 3351 penetraris
382 3275 437 3336 hoc
448 3275 654 3336 vehementius
666 3277 697 3332 te
713 3272 860 3347 alliciant3
874 3273 963 3350 plane
978 3273 1064 3333 sicut

89 3359 229 3434 Tacitus,
256 3377 324 3418 cum
344 3379 403 3434 quo
423 3360 619 3436 inquantum
638 3349 781 3416 matiriae
800 3356 872 3417 sinit
897 3357 1054 3420 diversitas

87 3447 202 3505 mirum
215 3444 248 3503 in
263 3443 385 3503 modum
399 3443 444 3502 illi
460 3442 607 3504 convenit.

863 3553 901 3602 ⁸5
