2666 4138
506 246 719 308 PRAEFATIO.
1007 265 1095 314 mx

129 416 225 478 semel
246 413 298 476 sed
317 414 456 491 legitima
477 432 544 474 oum
559 417 748 476 excusatione
761 435 833 477 usus
848 420 984 496 auctorp
964 439 1095 499 p-anegy

128 502 184 562 rioi
200 489 237 558 ad
251 499 423 558 Messallam
441 493 526 578 [IIII,
544 501 561 556 1
564 495 662 578 ,168]

257 577 408 680 temperat¹
422 582 500 641 alter
514 585 546 641 et
561 583 684 642 alterius
704 580 710 662 Ι
728 584 808 644 uires
822 589 909 646 neoat
922 605 981 646 aer

193 669 256 728 Neo
272 669 390 743 saepius
401 667 537 764 quintam
552 667 690 726 adhibuit
702 667 782 788 idem
797 670 929 746 carmini,
946 669 1095 796 duplicato

127 753 269 828 equidem
284 751 406 810 nomina
421 751 544 826 proprio
562 747 626 830 [11]

214 835 406 911 Erigoneque
423 833 579 910 Canisque,
595 837 687 911 neget
704 830 710 915 Ι
728 854 766 894 ne
781 837 900 913 longior
915 789 1052 898 aetas.

195 919 255 980 Sed
276 921 401 993 utraque
416 917 589 994 Lygdamus
604 937 728 994 prorsus
742 920 902 996 abstinuit3
923 941 979 982 neo
999 925 1095 1000 magis

127 1003 223 1063 illae
214 1021 246 1062 ιιι
260 1003 360 1078 quarti
375 1001 446 1060 libri
460 1003 651 1076 reperiuntur
665 1003 769 1079 elegis.
800 1001 942 1064 Ceterum
957 1006 1094 1084 Tibullus

128 1106 198 1146 oum
213 1088 275 1146 suis
290 1103 358 1145 oum
378 1085 479 1161 paullo
494 1087 735 1162 neglegentiores
750 1089 941 1147 assentanea
953 1081 1045 1184 heplrt
1032 1090 1095 1148 the-

127 1171 285 1243 mimerin,
306 1187 342 1228 ea
361 1171 463 1227 tamen
483 1187 516 1228 re
536 1170 623 1228 valde
642 1168 798 1244 laudandi,
819 1171 899 1246 quod
918 1173 1038 1231 omnino
1059 1192 1096 1234 ex

126 1253 313 1316 carminibus
328 1253 477 1312 exclusere
492 1251 593 1328 τομὴν
608 1251 687 1314 κατὰ
701 1249 809 1329 τρίτον
824 1253 987 1330 τροχαῖον.

193 1339 355 1398 Praeterea
383 1338 539 1397 annotavit
566 1337 773 1398 Laohmamms
794 1339 985 1416 Lygdamum
1008 1359 1094 1401 num·

88 1463 92 1470 ·
126 1441 222 1499 quam
236 1424 305 1497 post
319 1423 459 1496 quartum
474 1420 645 1480 trochaeum
659 1421 745 1482 finire
759 1423 893 1497 verbum,
906 1443 996 1500 quam
1010 1444 1094 1500 prae·

126 1509 190 1568 isse
206 1507 233 1564 ei
248 1524 384 1564 normam
392 1503 544 1563 Catullum
558 1506 687 1564 'carmine
703 1507 744 1566 64
758 1507 1093 1584 observavitHauptius.

196 1588 722 1665 Quantumadrhythmshexametri
731 1591 875 1652 memoria
883 1591 1007 1668 dignum
1018 1593 1095 1652 illud

126 1693 294 1748 numquam
314 1673 384 1732 sede
405 1673 533 1732 secunda
552 1673 716 1732 hexametri
734 1675 950 1749 pentametrire
965 1676 1095 1736 inveniri

125 1757 309 1818 vocabulum
324 1755 512 1832 daotylioum,
523 1775 562 1816 ne
577 1757 672 1816 dicam
687 1757 880 1832 spondiaoum
895 1757 932 1816 ad
946 1753 1021 1818 ha'uo
1036 1759 1093 1819 for·

126 1861 228 1903 mam:

230 1975 235 1985 .
260 1927 292 1984 et
305 1925 331 1984 si
345 1924 456 2000 frigida
470 1942 551 1984 mors
566 1926 664 1982 anima
679 1923 830 1982 seduxerit
843 1925 980 1983 umbram

261 2027 278 2067 a
290 2009 390 2082 miser,
406 2010 458 2068 etsi
471 2009 538 2083 quis
552 2007 649 2083 primo
663 2007 794 2082 periuria
809 2007 894 2066 oelat.

125 2095 175 2155 At
202 2094 279 2152 eirca
301 2091 393 2150 finem
418 2092 622 2152 observantiae
649 2109 774 2151 evenere
799 2092 886 2151 tales.
924 2090 1095 2169 Numquam

127 2177 211 2238 sexti
230 2176 315 2252 pedis
339 2195 386 2234 ars
405 2175 536 2235 violatur
554 2176 664 2235 inieoto
679 2176 886 2253 monosyllabo
900 2177 1095 2252 praecedente

127 2259 326 2339 polysyllabo
341 2262 376 2318 ut
389 2259 500 2334 puta
477 2277 519 2319 ιιι

261 2361 351 2418 quam
365 2343 441 2402 bene
457 2342 585 2402 Saturno
589 2333 742 2403 vivebant
755 2362 836 2421 rege,
852 2343 935 2419 prius
949 2362 1047 2420 quam.

200 2427 285 2498 Quod
306 2429 410 2486 eontra
429 2427 527 2500 quinis
548 2427 692 2502 exemplis
711 2427 784 2486 libri
803 2427 819 2485 Ι
839 2430 870 2486 et
888 2425 920 2486 Π
941 2429 1041 2488 evenit
1060 2431 1095 2487 ιιι

126 2512 239 2588 quinta
258 2529 327 2586 pars
348 2511 527 2570 formaretur
540 2506 685 2569 uocabulo
703 2510 887 2586 pyniohiaoo
901 2512 1096 2587 praecedente

129 2595 294 2757 spondiqoo
314 2595 376 2655 sive
397 2593 582 2668 anapaestioo
605 2589 645 2673 [I,
669 2595 702 2668 6,
724 2597 751 2653 1.
774 2595 824 2655 63.
851 2593 896 2668 Π,
918 2597 952 2669 4,
973 2597 1023 2654 45.
1045 2597 1095 2655 59.

262 2781 380 2859 semper
393 2763 429 2820 ut
444 2761 568 2820 induoar
581 2761 706 2822 blandos
721 2761 808 2822 offers
822 2762 896 2822 mihi
910 2763 1019 2822 voltus.

198 2845 235 2904 Id
249 2848 359 2919 sexies,
381 2863 442 2904 nou
456 2845 569 2918 minus,
591 2845 725 2906 imitatus
748 2849 794 2906 est
808 2849 911 2906 auctor
924 2846 1097 2922 panegyrici

130 2931 173 2990 ad
187 2931 347 2988 Messalam
364 2924 446 3007 [1111‚
465 2931 491 3002 1,
509 2929 558 2987 28.
575 2928 625 2987 59.
643 2931 713 2987 107.
732 2931 800 2988 168.
819 2931 888 2988 194.
906 2925 989 3006 205].
1012 2929 1097 2988 Idem

129 3017 166 3075 et
180 3014 275 3074 semel
288 3013 495 3089 pentasyllabo
510 3012 601 3071 verbo
616 3013 761 3072 oouolusit
774 3017 904 3072 menam
920 3009 984 3090 [59]

263 3097 391 3156 incultos
406 3096 480 3155 adiit
493 3096 712 3173 Laestrygonas
726 3096 979 3172 Antiphatenque.

199 3180 385 3239 Pentametn‘
403 3181 579 3256 plerumque
600 3180 746 3255 disyllabo
774 3178 919 3238 vocabulo
943 3177 1096 3254 finiuntur,

131 3267 226 3342 plane
242 3265 318 3324 siout
330 3265 364 3322 in
374 3263 523 3339 Priapeia:
539 3281 594 3322 neo
608 3265 709 3322 tamen
722 3262 812 3321 nimis
825 3260 1031 3336 infrequenter
1044 3265 1097 3322 tri-

129 3349 255 3426 syllabo
275 3349 337 3407 sive
357 3348 552 3424 tetrasyllabo
567 3349 599 3405 et
612 3344 769 3420 aliquando
784 3347 990 3422 pentasyllabo
1005 3348 1097 3406 lo'ous.

129 3433 298 3494 Praeterea
318 3431 442 3507 dignum
462 3431 605 3490 memoria
618 3447 673 3506 pro
687 3429 802 3504 reliqua
816 3449 874 3504 qua
888 3449 959 3490 usus
974 3434 1020 3490 est
1032 3449 1098 3491 ver·

129 3535 228 3578 suum
248 3515 449 3575 faciendorum
468 3517 532 3574 arte
553 3514 707 3574 Tibullum
728 3511 888 3591 diligenter
907 3515 1034 3587 cavisse,
1061 3531 1098 3572 ne
