2636 4146
371 615 533 717 SEX.
571 612 1028 717 PRO'PERTII

545 784 854 918 anncmuuu

504 973 646 1032 LIBER
673 971 890 1044 QVINTVS.
1137 972 1183 1034 IV

683 1189 726 1264 I„

281 1305 362 1387 Hoc
389 1321 608 1406 quodcumque
633 1320 737 1404 vides,
764 1319 823 1384 hos
847 1341 895 1402 es,
924 1339 986 1466 qua
1012 1319 1152 1384 maxima

876 1425 944 1468 mas
965 1454 975 1487 ,

323 1492 409 1553 Ante
431 1489 591 1574 Phrygem
613 1490 746 1554 Aenean
768 1488 858 1552 collis
881 1491 914 1552 et
934 1486 1032 1552 herba
1052 1474 1154 1564 fuiczss
1182 1451 1228 1532 l·-

283 1573 312 1636 A
347 1594 387 1637 ue
408 1573 464 1638 ubi
484 1571 601 1638 Navali
623 1576 714 1638 stant
734 1593 825 1636 sacra
847 1571 973 1638 Palatia
992 1571 1135 1656 Phoebo,

353 1655 466 1722 uandri
487 1657 643 1742 profugae
665 1657 862 1722 concubuere
883 1656 989 1721 boves.

253 1739 449 1806 tFictilibus
471 1761 599 1806 crevere
620 1741 687 1806 dcis
709 1739 788 1806 haec
810 1762 905 1806 aurea
925 1740 1055 1823 templa,

322 1823 391 1890 Nec
412 1826 476 1891 fuit
497 1826 667 1910 opprobrio
689 1825 776 1890 facta
797 1825 866 1890 sine
888 1827 955 1888 arte
978 1845 1069 1905 casa,

280 1905 496 2058 Taffeiusquc
517 1913 610 1994 pater
630 1909 717 1974 nuda
737 1908 776 1974 de
797 1930 876 1993 rupe
896 1909 1046 1990 tonabat,

353 1997 368 2058 t
389 1992 513 2060 Tiberis
535 1993 654 2058 nostris
676 1993 798 2058 advena
820 1993 923 2058 bubus
945 1995 1024 2057 crat.

281 2075 351 2151 Qua
371 2077 524 2163 gradibus
546 2078 657 2142 domus
678 2078 741 2142 ista
761 2076 854 2142 Remi
875 2097 909 2141 se
930 2075 1077 2158 sustulit,
1100 2077 1183 2145 olim
1305 2084 1306 2140 l

233 2171 265 2220 ιο
320 2159 411 2225 Unus
434 2165 502 2226 erat
522 2161 658 2226 fratrum
679 2161 817 2225 maxima
836 2181 937 2246 regna
958 2161 1057 2225 focus.

280 2242 386 2327 Curia,
407 2249 571 2328 praetexto
594 2265 675 2329 quae
695 2265 784 2310 nunc
804 2245 888 2309 nitet
909 2245 974 2309 alta
995 2246 1124 2328 senatu,

323 2326 454 2393 Pellitos
477 2328 604 2412 habuit,
628 2329 747 2393 rustica
769 2329 880 2410 eorda,
902 2332 1018 2412 patres.

279 2409 404 2476 Bucina
425 2413 561 2499 cogebat
580 2413 703 2497 priscos
726 2413 767 2476 ad
787 2413 885 2478 verba
907 2412 1059 2488 Quirites:

321 2493 460 2560 Centum
480 2497 528 2561 illi
549 2497 585 2560 in
605 2501 698 2580 prato
719 2517 812 2580 saepe
834 2499 963 2561 senatus
985 2499 1062 2560 crat.

202 2607 209 2658 5
233 2589 263 2640 ιδ
277 2577 347 2644 Nec
369 2581 500 2645 sinuosa
520 2602 596 2645 cavo
618 2581 802 2668 pendebant
823 2581 892 2645 vela
913 2579 1056 2663 theatro,

320 2662 448 2747 Pulpita
469 2665 641 2729 sollemnes
662 2686 730 2729 non
752 2663 859 2730 oluere
881 2685 1002 2730 crocos.

281 2745 371 2812 Nulli
393 2769 468 2812 cura
488 2747 552 2812 fuit
572 2751 719 2813 externos
741 2769 889 2832 quaerere
911 2749 1016 2832 divos,

321 2827 402 2896 eum
423 2833 574 2897 tremeret
595 2833 700 2916 patrio
721 2833 860 2916 pendula
880 2832 973 2896 turba
994 2853 1099 2917 sacr0,

279 2913 456 3013 Annuaqne
473 2937 611 2982 accenso
634 2917 794 2982 celebrare
814 2915 933 2981 Parilia
951 2915 1062 2996 faeno,

229 3011 262 3059 20
319 2998 433 3076 Quaha
452 3021 540 3066 nunc
561 3003 651 3065 curto
673 3001 776 3065 lustra
796 3004 955 3065 novantur
976 3021 1068 3084 equo.

278 3081 376 3148 Vesta
398 3085 559 3149 coronatis
579 3107 700 3170 pauper
721 3084 881 3170 gaudebat
901 3083 1022 3167 asellis,

320 3165 490 3238 Ducebant
511 3190 635 3233 macrae
656 3168 733 3233 vilia
754 3168 972 3234 sacratores.

277 3250 379 3316 Parva
399 3253 541 3338 saginati
562 3253 743 3318 lustrabant
764 3252 904 3336 compita
924 3252 1023 3336 porci,

318 3333 434 3400 Pastor
456 3340 488 3402 ct
509 3337 549 3404 od
571 3337 710 3402 calamos
733 3339 807 3402 exta
828 3336 941 3402 litabat
963 3335 1040 3399 ovis.

229 3431 262 3480 25
276 3417 419 3484 Verbera
462 3420 569 3485 allitus
591 3424 697 3486 setosa
718 3421 866 3486 movebat
887 3421 993 3484 arator

317 3501 412 3569 Unde
433 3443 534 3570 Poena
555 3503 674 3570 Fabius
697 3526 786 3570 sacra
807 3468 1097 3589 Lupercuslrabet
