2666 4138
212 224 255 288 46
622 225 766 284 TIBVLLI
1142 231 1177 290 [Ι.

275 391 359 455 Nam
391 411 580 474 quamquam
615 391 763 473 antiquae
794 389 900 474 gentis
933 393 1084 476 superant
1114 391 1177 458 tibi

275 557 351 623 Non
372 561 429 622 tua
449 557 606 622 maiorum
628 474 942 642 contentaselgltreisa'
955 558 1055 640 fama,

226 653 260 704 50
274 640 343 706 Nec
365 641 489 724 quaeris
511 641 586 738 quid
602 661 724 724 quaque
742 641 838 704 index
853 641 910 705 sub
926 641 1065 788 imuffipe
1080 641 1176 726 dicat,

276 725 338 790 Sed
359 726 485 810 generis
506 745 629 808 pnscos
652 723 818 789 contendis
839 725 966 788 vincere
1031 746 1143 810 nores,

150 867 151 874 ,
277 808 378 884 Quam
399 808 460 872 tibi
481 809 617 872 maiores
638 809 740 872 maius
763 807 858 872 decus
880 809 949 892 ipse
970 808 1102 874 futuris:

274 894 320 956 At
340 895 396 956 tua
416 913 484 956 non
504 891 617 956 titulus
640 891 744 974 capiet
765 892 824 956 sub
845 893 976 956 nomine
996 892 1095 975 facta,

274 977 415 1040 Aeterno
437 976 491 1038 sed
514 978 607 1040 erunt
627 975 687 1040 tibi
709 997 826 1060 magua
847 975 1010 1040 volumina
1031 998 1140 1060 versu,

225 1073 258 1123 35
275 1059 535 1142 Convenientquc
556 1063 627 1124 tuas
651 1059 757 1143 cupidi
778 1079 959 1142 conponere
979 1059 1089 1124 laudes

274 1143 423 1227 Vndique
445 1143 562 1226 quique
581 1146 697 1207 canent
705 1143 816 1206 vincto
831 1143 912 1228 pede
927 1143 1042 1226 quique
1056 1143 1173 1210 soluto·

274 1227 352 1302 Quis
373 1227 495 1310 potior,
518 1229 680 1291 certamen
702 1227 776 1290 erit:
799 1226 860 1290 sim
881 1226 983 1290 victor
1003 1227 1142 1310 inillis,

273 1310 319 1375 Vt
339 1312 486 1374 nostrum
507 1310 606 1373 tantis
626 1309 799 1374 inscribam
821 1330 940 1374 nomen
960 1310 996 1374 in
1016 1310 1104 1374 actis.

315 1393 400 1459 Nam
422 1393 491 1476 quis
512 1395 545 1456 te
566 1393 688 1457 maiora
709 1394 793 1478 gerit
814 1393 965 1457 castrisue
986 1393 1120 1457 forovc‘?

225 1491 258 1540 40
272 1478 340 1544 Ν50
361 1480 470 1540 tamen
491 1475 566 1540 hinc
588 1480 644 1540 aut
669 1476 744 1541 hinc
769 1477 830 1540 tibi
857 1477 925 1540 laus
953 1477 1092 1540 maiorve
1113 1477 1175 1542 mi·

815 1581 914 1624 ncrve
1082 1599 1088 1608 ·

273 1645 361 1709 Iusta
381 1644 452 1728 pari
495 1644 627 1710 remitur
647 1644 747 1708 veluti
770 1664 842 1708 cum
862 1609 1003 1727 poddere
1024 1644 1123 1726 libra,

273 1728 380 1793 Prona
400 1748 460 1792 nec
472 1665 541 1793 ’1150
562 1729 634 1812 plus
647 1732 738 1811 parte
753 1727 842 1792 sedet
855 1749 914 1792 nec
929 1729 1032 1812 surgit
1046 1727 1086 1792 ab
1104 1729 1174 1812 illa,

273 1812 398 1896 Qualis,
419 1812 624 1896 inaequatum
646 1813 673 1876 si
695 1811 821 1896 quando
839 1832 919 1876 onus
932 1815 1048 1896 urguet
1062 1813 1174 1876 utrim-

816 1916 893 1979 que,

273 1980 439 2045 Instabilis
460 1983 552 2044 natat
572 1980 696 2044 alterno
718 1979 897 2062 depressior
918 1979 1004 2043 orbe.

222 2077 257 2126 45
315 2063 401 2129 Nam
422 2085 478 2128 seu
500 2063 616 2128 diversi
636 2065 752 2128 fremat
772 2063 988 2127 inconstantia
1009 2063 1117 2148 vulgi,

272 2147 348 2210 Non
369 2147 450 2210 alius
472 2147 582 2211 sedare
604 2149 713 2230 queatz
736 2167 792 2211 seu
811 2146 924 2211 iudicis
945 2147 993 2210 ira

273 2229 323 2295 Sit
343 2229 512 2314 placanda,
535 2230 600 2294 tuis
620 2231 740 2314 poterit
761 2230 927 2295 mitescere
948 2229 1064 2294 verbis.

272 2313 348 2378 Nou
368 2313 465 2398 Pylos
488 2317 542 2378 aut
562 2313 673 2379 Ithace
693 2317 802 2378 tantos
823 2315 972 2398 genuisse
993 2314 1141 2379 feruntur

271 2397 304 2462 N
305 2400 410 2462 estora
429 2398 481 2462 vel
501 2419 617 2483 parvae
637 2419 790 2482 magnum
812 2397 907 2463 decus
927 2397 1016 2462 urbis
1036 2397 1173 2482 Vlixen,

222 2495 256 2543 50
269 2481 396 2546 Vixerit
415 2482 469 2546 1115
491 2503 588 2547 senex
602 2483 760 2566 quamvis,
783 2481 859 2546 dum
879 2485 972 2546 terna
989 2503 1047 2566 per
1061 2481 1173 2547 orbem

273 2563 405 2630 Saecula
425 2565 583 2630 fertilibus
605 2565 702 2630 Titan
724 2565 903 2630 decurreret
923 2565 1029 2650 horis,

271 2648 331 2712 Ille
352 2670 410 2734 per
430 2649 558 2734 ignotas
580 2649 682 2712 audax
703 2650 854 2714 erraverit
874 2650 968 2714 urbes
973 2698 983 2733 ,

272 2732 341 2806 Qua
362 2733 460 2796 maris
482 2733 631 2796 extremis
652 2733 746 2798 tellus
768 2733 941 2800 includitur
961 2733 1065 2797 undis.

270 2815 356 2880 Nam
371 2813 587 2900 Ciconumque
608 2839 721 2882 manus
743 2817 882 2884 adversis
903 2818 1044 2902 reppulit
1064 2817 1173 2902 armis,

221 2911 255 2962 55
269 2897 302 2964 N
304 2920 339 2964 ec
360 2900 462 2964 valuit
482 2900 567 2964 lotos
588 2921 644 2966 coe
667 2905 719 2966 tos
741 2904 882 2966 avertere
904 2922 1029 2984 cursus,

271 2981 376 3048 Cessit
397 2987 431 3048 et
450 2983 612 3049 Aetnaeae
666 2986 814 3069 eptunius
836 2985 942 3049 incola
962 2984 1051 3068 rupis

270 3066 367 3132 Victa
388 3067 541 3133 Maroneo
564 3069 710 3144 foedatus
732 3069 853 3134 lumina
874 3067 1018 3134 Baccho:

270 3150 368 3216 Vexit
389 3155 422 3217 et
442 3153 573 3217 Aeolios
594 3153 755 3237 placidum
776 3175 833 3237 per
854 3152 960 3218 Nerea
980 3153 1113 3218 rentes:¹

270 3234 413 3300 Incultos
436 3237 516 3300 adiit
536 3235 770 3322 Laestrygonas
792 3235 1072 3320 Antiphatenque,

222 3331 255 3380 50
269 3317 396 3382 Nobilis
418 3320 548 3384 Artacie
568 3321 675 3405 gelida
696 3343 775 3405 quos
797 3319 917 3404 inrigat
937 3319 1038 3384 unda:

270 3401 379 3465 Solum
400 3424 460 3467 nec
483 3405 594 3468 doctae
615 3408 779 3470 vcrtenmt
798 3405 915 3488 poeula
937 3403 1061 3486 Circes,

271 3484 420 3560 Quamvis
442 3486 498 3550 illa
519 3487 603 3552 foret
625 3487 708 3554 Solis
730 3510 847 3574 genus,
870 3491 945 3572 apta
966 3489 1016 3554 vel
1038 3485 1150 3552 herbis

1312 3053 1330 3110 <³
