2666 4138
281 227 320 276 Π
636 267 641 274 ,
655 212 870 274 PRAEFATIO.

348 384 445 456 Quare
469 381 549 460 quod
572 386 676 444 narrat
693 383 810 442 Plinius
837 382 869 442 in
888 381 1025 458 epistulis
1045 377 1166 461 [VHIL
1194 375 1254 461 22]

283 469 469 530 Passerinum
483 468 631 545 quendam
645 467 794 540 Paullum,
816 486 833 524 a
846 467 1015 542 Propertio,
1038 465 1200 542 adoptione
1217 469 1256 524 ut

284 556 358 630 puto
384 553 557 625 deductum,
577 552 746 612 trahentem
765 569 859 628 genus
879 549 1054 610 aemulando
1073 549 1254 610 felicissime

286 639 466 715 expressisse
480 637 592 712 scripta
606 637 679 710 eius,
692 653 781 711 quem
796 635 875 694 inter
884 635 1010 694 maiores
1025 653 1094 695 suos
1109 652 1254 694 numera·

266 724 341 794 ret,
363 723 416 780 aut
435 739 490 798 ego
510 721 703 780 vehementer
721 719 811 778 fallor
830 721 883 778 aut
895 719 948 778 ille
963 719 1086 778 caritate
1101 719 1191 778 amici
1205 720 1253 778 in-

287 804 393 864 ductus
412 803 536 863 mirifice
555 805 657 880 lapsus
677 805 724 862 est
744 802 862 862 iudicio.
897 802 975 860 Nam
994 802 1134 862 Paullum
1155 803 1253 862 fuisse

286 888 438 948 hominem
462 887 670 948 scholasticum
694 889 726 946 et
744 886 848 946 simiae
873 905 948 962 quae
974 905 1076 948 omnes
1101 885 1251 960 imitatur,

286 991 375 1032 nemo
389 974 491 1032 tamen
504 974 539 1032 ut
552 973 657 1048 ipsam,
670 970 864 1044 simillimum,
878 970 949 1030 satis
964 973 1066 1046 aperte
1080 969 1254 1030 declaratur

287 1056 361 1132 ipsis
375 1057 456 1116 illius
470 1057 570 1118 verbis
585 1074 660 1134 quae
675 1074 691 1114 e
705 1073 738 1114 re
753 1053 824 1114 duxi
839 1054 962 1130 apponi:
979 1055 1027 1114 ‘in
1040 1055 1151 1114 litteris
1166 1058 1251 1116 vete-

288 1159 337 1200 res
358 1140 538 1214 aemulatur,
558 1139 707 1216 enphit,
721 1138 833 1212 reddit,
856 1138 1047 1213 Propertium
1067 1139 1217 1214 inprimis,
1235 1158 1253 1196 a

288 1242 348 1300 quo
368 1243 463 1301 genus
484 1223 575 1283 ducit.
596 1242 693 1300 nuper
711 1222 749 1282 ed
767 1223 863 1298 lyrica
882 1221 1016 1296 deflexit,
1035 1221 1068 1282 in
1082 1223 1194 1298 quibus
1208 1224 1252 1282 ite

288 1307 448 1366 Horatium
467 1310 503 1366 ut
521 1307 554 1366 in
572 1308 634 1366 illis
653 1307 740 1366 illurn
759 1307 889 1366 alterum
908 1305 1053 1382 effingit'.
1082 1305 1162 1365 Nam
1176 1306 1251 1367 Pro·

288 1393 420 1466 partium
434 1393 502 1466 apte
516 1393 551 1450 ut
563 1391 690 1464 imitere,
705 1389 770 1466 ipse
784 1389 825 1450 sis
840 1393 959 1466 oportet
972 1390 1157 1466 Propertius.

241 1527 244 1534 ,
355 1475 477 1535 Saeculo
496 1475 671 1550 insequente
691 1473 841 1550 Propertii
857 1475 1041 1534 mentionem
1060 1475 1133 1534 lacit
1145 1474 1251 1552 Appu-

289 1558 376 1632 leius,
397 1558 555 1618 tersissimi
574 1557 663 1618 homo
677 1557 800 1634 ingenii.
829 1559 900 1618 Mox
913 1561 1014 1618 autem
1027 1561 1090 1618 tam
1104 1578 1173 1618 rara
1188 1560 1251 1618 eius

290 1643 442 1715 memoria,
457 1644 492 1702 ut
506 1644 647 1718 appareat
662 1659 724 1702 non
742 1642 802 1702 nisi
820 1661 913 1701 unum
929 1642 1093 1702 alterumve
1105 1643 1252 1703 lectorem

290 1745 355 1786 esse
375 1729 495 1786 nactum
514 1729 644 1802 poetam.
686 1725 750 1785 Nee
774 1725 945 1802 frequentes
971 1745 1041 1787 sane
1062 1728 1251 1813 grammatici

289 1808 391 1870 Latini
411 1812 443 1870 in
456 1811 592 1871 versibus
612 1811 676 1870 eius
697 1809 863 1883 efferendis,
883 1811 1047 1887 etquidem
1061 1813 1096 1870 ut
1110 1814 1252 1887 appareat

290 1895 447 1972 plerosque
468 1913 529 1954 non
543 1913 580 1954 er
593 1895 666 1970 ipsis
680 1893 831 1970 Propertii
844 1894 930 1954 libris
945 1913 998 1954 sua
1012 1896 1183 1970 sumpsisse,
1200 1894 1252 1954 sed

291 1997 328 2038 ex
349 1980 498 2039 communi
517 1979 570 2038 illo
590 1978 781 2038 scholasticae
801 1977 976 2038 eruditionis
996 1979 1094 2052 fonte,
1115 1979 1168 2054 qui
1189 1997 1251 2038 see-

291 2063 359 2122 culo
378 2083 408 2138 p.
430 2061 483 2122 Ch.
504 2061 602 2137 primo
624 2061 722 2121 medio
741 2063 890 2136 provenit.
933 2060 1072 2122 Ceterum
1092 2062 1254 2122 Iustiniani

187 2199 189 2204 .
291 2147 388 2204 sente
408 2146 541 2206 extitisse
560 2148 681 2220 poetam
696 2144 856 2219 Graecum,
877 2145 1016 2205 Paullum
1035 2147 1250 2220 silentiarium,

292 2229 344 2304 qui
357 2229 436 2288 haud
449 2229 492 2288 ita
505 2247 573 2288 raro
586 2229 756 2288 imitaretur
769 2229 959 2306 Propertium
973 2233 1043 2306 post
1055 2230 1251 2305 Huschkium,

291 2313 530 2388 quamprimum
553 2331 587 2371 ea
612 2331 660 2372 res
686 2312 830 2386 advertit,
858 2314 1011 2375 contendit
1036 2314 1252 2391 Hertzbergius

291 2400 406 2472 quaest.
420 2397 510 2474 Prop.
526 2416 577 2474 pg.
594 2397 664 2457 230.
693 2396 797 2472 Neque
816 2397 906 2457 hebet
925 2397 1002 2456 illud
1020 2417 1075 2475 per
1094 2416 1194 2458 secur
1207 2399 1251 2459 ri-

292 2480 398 2539 deatur
412 2501 430 2539 a
442 2480 500 2540 fide
515 2481 655 2540 alienum.
684 2481 762 2540 Nam
777 2483 808 2540 et
821 2481 967 2542 Martialis
987 2483 1162 2542 ultimorum
1175 2485 1250 2541 tem-

292 2583 400 2640 porum
415 2563 567 2626 Graeculis
581 2583 668 2640 saepe
683 2563 742 2622 fuit
754 2566 899 2641 exemplo.
925 2565 991 2624 Iam
1003 2584 1091 2627 nemo
1105 2569 1175 2642 post
1188 2585 1250 2626 sae-

293 2649 393 2708 culum
412 2650 528 2708 sextum
547 2666 603 2724 per
621 2647 752 2707 medium
767 2667 873 2710 aevum
888 2651 989 2709 extitit
1001 2649 1053 2726 qui
1067 2649 1252 2710 meminisset

292 2730 452 2807 Propertii.
480 2730 554 2790 Eius
575 2733 675 2790 sutem
696 2732 860 2792 carminum
880 2733 971 2794 codex
990 2733 1109 2795 videtur
1128 2753 1192 2794 esse
1205 2735 1251 2793 in·

292 2817 401 2874 ventus
416 2816 512 2874 aetate
526 2815 632 2876 Prano.
644 2815 800 2877 Petrarcae
814 2817 913 2878 medio
929 2817 990 2877 fere
1004 2819 1085 2878 inter
1096 2817 1206 2878 Ostiilli
1219 2823 1252 2876 et

294 2897 409 2958 Tibulli
429 2900 560 2958 earmina
584 2903 758 2976 recuperate
781 2903 926 2978 temporis
951 2903 1120 2963 intervallo.
1163 2900 1251 2963 Certe

292 2981 434 3043 Petraroa
452 2983 556 3044 habuit
575 2983 766 3060 Propertium
793 2987 907 3062 pariter
935 2989 1024 3062 atque
1044 2984 1194 3046 Catullum
1217 2987 1253 3046 in

292 3067 481 3128 bibliotheca.
511 3065 557 3127 Ex
570 3087 629 3144 que
642 3071 678 3127 ut
692 3069 946 3144 exemplatorum
960 3073 1117 3146 poetarum
1131 3069 1188 3130 sibi
1202 3069 1251 3128 de-

295 3151 499 3212 scriberentur
512 3170 590 3211 anno
608 3153 689 3212 1374
702 3153 791 3229 petiit
806 3152 970 3214 Ooluccius.
1001 3153 1046 3214 Of.
1063 3172 1138 3230 quae
1151 3153 1252 3230 Haup-

293 3236 355 3295 tius
374 3236 408 3295 in
427 3237 500 3296 actis
521 3236 671 3296 societatis
691 3237 855 3297 litterariae
878 3238 1038 3298 Sauonioae
1058 3242 1127 3299 ante
1141 3238 1194 3298 hos
1208 3239 1252 3300 vi·

294 3318 373 3394 giuti
387 3337 480 3380 annos
494 3319 583 3380 editis
599 3320 738 3380 disseruit
751 3341 802 3398 pg.
819 3323 879 3382 257
895 3341 959 3399 sqq.
989 3323 1058 3382 Mox
1073 3322 1177 3382 eedem
1190 3341 1253 3384 car·

295 3401 376 3462 mina
395 3422 412 3461 a
430 3402 567 3478 plurimis
589 3421 657 3464 oum
676 3423 785 3482 magna
800 3407 961 3482 eupiditate
976 3406 1125 3484 descripte
1139 3411 1256 3469 suntet

295 3488 330 3544 ut
343 3503 408 3546 mos
422 3489 487 3546 erat
501 3487 561 3547 illis
576 3489 761 3563 temporibus
776 3493 888 3566 passim
901 3491 1089 3566 interpolata.
1113 3490 1255 3554 Ceterum
