2628 4116
82 256 133 325 cr]
508 253 624 311 nmen.
787 223 790 230 ’
1006 251 1048 317 69

82 416 165 480 Dum
187 415 250 479 tibi
271 436 323 480 me
343 435 446 500 purgo
468 435 529 480 nec
549 436 682 498 possum
703 417 829 484 fletibus
851 419 924 485 ullis
1031 431 1049 481 c

121 499 300 564 Tantillum
323 502 448 564 vostrae
471 499 595 564 demere
618 502 775 566 saevitiae.

82 584 165 650 Nam
188 583 285 648 simul
306 581 339 648 id
361 583 526 664 factumst,
548 585 657 650 multis
679 586 780 652 diluta
801 587 916 653 labella

121 667 288 732 Abstersti
308 667 410 753 guttis
433 668 580 732 omnibus
603 670 759 755 articulis,

82 752 129 818 Ne
152 753 324 836 quicquam
345 753 456 816 nostro
480 755 678 819 contractum
700 776 739 820 ex
760 777 815 820 ore
835 760 994 841 maneret,

121 837 301 920 Tamquam
323 836 501 900 conmictae
522 858 636 920 spurca
658 839 758 904 saliva
778 840 812 904 lu
835 861 881 906 ae.
1016 853 1049 904 ιο

83 921 252 986 Praeterea
273 919 391 984 infesto
413 919 564 986 miserum
586 943 638 988 mc
658 923 783 988 madere
804 863 918 990 ulmeri

121 1004 200 1070 Non
223 1005 355 1069 cessasti
377 1003 527 1088 omnique
549 1007 728 1072 excruciare
749 1007 860 1090 modo,

83 1089 125 1154 Vt
146 1089 192 1152 mi
216 1111 255 1152 ex
276 1087 435 1154 ambrosia
456 1091 615 1154 mutatum
636 1090 700 1155 iam
721 1091 806 1156 foret
826 1092 905 1158 illud
1018 1171 1019 1174 Ἴ

122 1172 310 1238 Suaviolum
330 1172 416 1237 tristi
437 1173 560 1238 tristius
582 1173 754 1240 helleboro.

2 1298 5 1305 ι
84 1257 184 1334 Quam
207 1257 361 1340 quoniam
382 1277 520 1341 poenam
541 1258 658 1324 misero
679 1259 833 1344 proponis
855 1262 972 1345 amori,
1016 1273 1048 1324 lo

121 1341 309 1424 Numquam
332 1341 395 1406 iam
416 1339 550 1426 posthac
572 1342 661 1408 basia
683 1344 859 1429 surripiam.

492 1464 644 1476 ——-——-

549 1533 576 1606 Ο

83 1645 210 1712 Caelius
235 1645 418 1712 Aufilenum
441 1649 474 1711 et
495 1647 644 1724 Quintius
665 1649 846 1715 Aufilenam

123 1731 202 1795 Flos
225 1728 449 1796 Veronensum
471 1731 646 1816 depereunt
665 1733 830 1816 iuvenum,

81 1813 144 1880 Hic
167 1814 317 1898 fratrem,
339 1814 394 1880 ille
416 1836 568 1882 sororem.
597 1815 659 1881 hoc
675 1819 738 1963 eill'
752 1816 846 1964 tquod
861 1815 985 1902 dicitur,

730 1922 751 1964 u

122 1983 318 2047 Fratemum
339 2004 412 2048 vere
434 1983 526 2054 dulce
549 1983 740 2048 sodalitium.

81 2067 142 2134 Cui
164 2067 293 2131 faveam
313 2067 442 2151 potius?
474 2067 576 2151 (laeli,
599 2068 674 2132 tibi:
696 2089 773 2134 nam
793 2070 849 2133 tua
869 2068 963 2134 nobis
1032 2077 1050 2132 t

122 2151 190 2216 Per
211 2150 297 2214 sacta
318 2149 489 2217 exhibitast
509 2153 604 2218 unica
624 2153 778 2236 amicitia,

81 2235 166 2302 Cum
189 2255 308 2299 vesana
329 2257 416 2300 meas
437 2239 573 2301 torreret
594 2235 723 2301 flamma
743 2235 906 2303 medullas.

123 2319 179 2386 Sis
202 2319 295 2403 felix,
319 2315 421 2404 Caeli,
445 2321 488 2384 sis
510 2322 546 2386 in
568 2341 674 2386 amore
695 2324 819 2406 potens.

494 2442 648 2454 ——-—---.

540 2510 594 2584 01.

79 2625 206 2691 Multas
228 2645 286 2708 per
306 2627 419 2709 gentes
441 2627 474 2688 et
494 2624 596 2688 multa
616 2645 674 2708 per
695 2646 832 2722 aequora
845 2627 961 2708 ,vesus

124 2710 277 2774 Advenic
298 2707 357 2774 has
378 2707 525 2790 miseras,
549 2708 661 2792 frater,
684 2709 724 2773 ad
744 2709 890 2793 unierias,

79 2795 129 2861 Vt
149 2797 186 2858 te
208 2795 370 2876 postremo
392 2791 544 2856 donarem
565 2813 694 2858 munere
715 2793 828 2858 mortis

124 2879 173 2944 Et
194 2880 318 2942 mutam
338 2876 532 2960 nequiquam
554 2876 741 2960 adloquerer
763 2878 915 2960 cinerem,

81 2961 353 3046 Quandoquidem
375 2961 506 3025 fortuna
526 2959 606 3025 mihi
627 2963 693 3026 tete
709 2961 848 3026 'abstulit
867 2962 987 3045 ipsum,
1036 2970 1053 3021 5

125 3047 204 3112 Heu
225 3047 322 3111 miser
342 3045 475 3130 indigne
497 3044 596 3110 irater
617 3045 763 3130 adempte
785 3045 874 3109 mihi.

450 3145 468 3185 *
676 3147 694 3185 ²1⁶

573 3193 591 3232 s

79 3251 184 3320 Nunc
195 3253 304 3314 tamen
314 3248 439 3314 interea
447 3246 526 3336 haec
536 3247 642 3332 prisco
654 3267 734 3330 quae
745 3264 833 3310 more
844 3246 1013 3328 parentum
1087 3261 1107 3334 ἕξ

126 3334 263 3400 tradita
284 3336 360 3398 sunt
379 3333 487 3398 tristes
509 3351 642 3396 munera
663 3330 704 3394 ad
725 3328 871 3414 inferias,
1088 3352 1091 3364 ·

81 3421 211 3504 Accipe
232 3418 374 3484 fraterno
396 3417 533 3483 multum
555 3414 718 3479 manantia
738 3413 830 3499 fletu,
1088 3375 1112 3510 l

123 3506 240 3587 Atque
261 3503 296 3567 in
317 3505 523 3588 perpetuom,
545 3499 658 3584 frater,
682 3521 739 3566 ave
760 3502 855 3584 atque
876 3499 956 3563 vale.
1024 3509 1056 3558 lo
1087 3502 1116 3580 gg
