2636 4146
265 197 306 262 68
650 197 845 254 peonnam
1154 195 1237 266 [1111.

278 377 312 426 3ο
368 361 488 445 Eurus,
512 365 544 427 et
565 362 600 426 in
620 360 721 427 nubes
742 358 827 424 unde
848 360 999 444 perennis
1021 381 1116 443 aque,

328 445 378 512 Sit
399 450 533 512 venture
554 445 635 528 dies,
652 443 769 542 'mundi
791 463 872 591 {aaa
893 443 1027 508 subruat
1047 465 1150 524 arcos,

327 527 1166 709 rimarentur{circionum,

371 697 454 766 Solis
477 701 509 762 et
530 697 641 762 atretm
662 697 779 760 laxent
800 695 897 760 orbis*
909 717 1014 780 equis,

280 793 313 844 35
329 782 393 849 Gur
414 804 503 846 serus
524 803 649 846 versare
671 780 769 845 boves
791 782 824 844 et
844 780 986 876 plaustra
1006 779 1143 862 Bootes,

369 865 535 931 Pleiadum
557 865 660 949 spisso
683 885 739 928 cur
760 864 825 928 coit
844 885 921 949 lgna
943 863 1073 946 chorae,

329 950 432 1017 Curvo
454 971 529 1014 suos
550 949 629 1014 finos
652 949 751 1012 altum
772 968 840 1012 non
861 950 952 1012 exeat
972 969 1105 1031 aequor,

370 1033 488 1098 Plenus
509 1033 598 1098 etin
618 1035 724 1130 partes
747 1035 882 1114 quatuor
903 1053 1006 1096 annus
1029 1034 1095 1114 eat,

330 1117 395 1184 Sub
417 1118 510 1182 terris
533 1117 598 1182 sint
619 1137 688 1180 1ura
702 1115 796 1180 deum
817 1117 1024 1180 ettormenta
1043 1118 1234 1199 nocentum,

280 1215 314 1264 40
370 1201 561 1285 'tisiphones
584 1203 654 1266 atro
677 1201 704 1264 si
724 1199 804 1263 furit
825 1221 929 1285 angue
951 1202 1060 1284 caput,

329 1287 397 1350 Aut
418 1285 644 1350 Alcmaeoniae
665 1283 767 1348 fruiae
789 1286 844 1348 aut
863 1284 983 1348 ieiunia
1003 1283 1133 1367 Phinei,

371 1369 458 1434 Num
479 1373 564 1451 rote,
586 1390 664 1432 num
679 1368 816 1452 scormli,
837 1389 915 1432 num
930 1368 1000 1432 sitis
1016 1367 1101 1432 inter
1115 1388 1236 1452 equas,

329 1450 417 1518 Num
438 1452 540 1517 tribus
561 1452 722 1518 infernum
743 1451 883 1516 custodit
902 1451 1048 1516 faucibus
1070 1455 1204 1518 antrum

374 1535 544 1619 Cerberus,
568 1539 601 1600 et
621 1535 716 1619 Tityo
738 1536 850 1621 iugera
869 1557 971 1620 pauca
991 1556 1123 1618 novem,

280 1634 314 1683 45
328 1621 383 1684 An
403 1619 479 1684 ficta
499 1620 534 1687 in
555 1619 690 1687 miseras
709 1618 874 1684 descendit
893 1620 1005 1684 fabula
1027 1623 1158 1704 gentes,
1199 1665 1204 1676 .

372 1703 416 1768 Et
437 1705 534 1768 timor
554 1703 634 1768 haut
654 1704 739 1770 ultre
760 1725 854 1788 quam
875 1725 973 1792 rogus
996 1725 1064 1769 esse
1085 1705 1207 1788 potest.

330 1787 445 1854 Exitus
466 1788 520 1854 hio
541 1789 625 1853 vitae
647 1792 775 1872 superet
794 1788 889 1852 mihi:
911 1810 983 1872 vor,
1007 1788 1122 1935 Quibus
1144 1809 1239 1853 arma

374 1870 473 1936 Grata
493 1873 612 1956 magis,
635 1870 742 1938 Crassi
763 1873 857 1957 signa
877 1873 992 1936 referte
1036 1893 1155 1936 omum.

331 2207 392 2272 Dic
413 2207 493 2272 mihi
514 2207 553 2272 de
574 2209 697 2290 nostra,
720 2227 800 2290 quae
822 2207 936 2290 sentis,
958 2228 1032 2280 vera
1052 2207 1179 2292 puella:

376 2290 429 2356 Sia
450 2289 510 2356 tibi
532 2291 598 2355 sint
619 2291 780 2374 dominae,
798 2291 975 2376 Lygdame,
998 2290 1129 2374 dempta
1147 2292 1239 2377 iuga.

331 2375 419 2442 Num
439 2397 491 2440 me
512 2375 634 2440 laetitia
654 2375 861 2440 tumefactum
882 2375 969 2439 fellis
990 2375 1094 2458 inani,

374 2459 463 2524 Haec
483 2459 641 2543 referens,
669 2481 750 2544 quae
770 2481 820 2524 me
843 2459 969 2524 credere
991 2459 1072 2523 velle
1093 2459 1214 2542 putas?

304 2541 449 2608 oOmnis
472 2544 557 2608 enim
579 2543 674 2609 debet
695 2544 764 2608 sine
785 2563 867 2608 vano
888 2543 1021 2608 nuntius
1043 2564 1126 2625 esse,

375 2627 592 2710 Maioremque
613 2627 731 2692 timens
753 2649 861 2692 servus
883 2625 1000 2692 habere
1021 2626 1126 2690 fidem.

332 2711 428 2776 Nunc
448 2710 542 2792 mihi,
565 2710 657 2794 siqua
669 2715 759 2776 tenes
764 2761 774 2795 ‚
797 2711 838 2774 ab
859 2709 984 2796 origine
1005 2710 1109 2776 dicere
1129 2711 1243 2794 prima

375 2793 501 2876 Incipe:
525 2795 687 2878 suspensis
709 2795 837 2860 auribus
858 2795 921 2860 ista
941 2795 1057 2859 bibam.

333 2876 439 2943 Sicine
462 2899 531 2942 eam
553 2877 723 2962 incomptis
745 2879 854 2944 vidisti
874 2879 950 2942 flere
967 2877 1118 2962 capillis?

286 2977 318 3025 10
373 2961 465 3028 Illius
486 2984 526 3026 ex
547 2963 648 3027 oculis
669 2964 770 3028 multe
792 2962 926 3028 cadebat
946 2961 1048 3046 aqua?

333 3046 403 3113 Neo
425 3045 588 3130 speculum
610 3049 710 3112 strato
732 3047 856 3129 vidisti,
877 3045 1054 3131 Lygdum,
1077 3047 1186 3111 lecto?

377 3130 520 3194 Ornabat
540 3131 650 3194 niveas
672 3131 801 3195 nullane
822 3151 951 3214 gemma
970 3131 1106 3194 manus?

333 3215 380 3278 At
399 3216 554 3279 maestam
575 3214 694 3278 teneris
715 3225 836 3280 vestem
857 3215 994 3298 pendere
1016 3214 1160 3299 lacertis,
1268 3240 1270 3242 ·

377 3295 563 3381 Scriniaquc
584 3297 624 3362 ed
646 3298 721 3364 lecti
741 3298 850 3363 clausa
870 3299 972 3364 iacere
993 3297 1113 3382 pedes?

287 3389 318 3442 15
333 3381 446 3445 Tristis
469 3379 677 3466 erat‘domua
700 3385 732 3446 et
745 3381 852 3446 tristes
873 3403 930 3446 sue
949 3403 1050 3466 pensa
1068 3383 1248 3454 ministrae

378 3463 573 3550 Carpebant,
595 3465 700 3530 medio
721 3465 820 3530 nebat
843 3469 875 3530 et
895 3465 965 3550 ipsa
986 3467 1072 3548 loco,
