2666 4138
216 198 258 265 26
630 199 774 259 'llBVLLI

232 380 265 429 το
321 365 362 430 Εἰ
382 364 477 448 mihi,
501 385 596 448 quam
620 364 730 429 doctas
752 385 838 430 nunc
859 363 956 428 habet
975 359 1031 428 ille
1053 367 1184 432 manus!

280 450 312 516 N
315 472 350 514 eo
371 449 522 534 pecudes,
545 449 632 514 velut
653 452 742 532 ante,
764 449 858 532 petit:
880 448 988 514 fixisse
1008 449 1133 533 puellas

324 533 429 599 Gestit
450 536 482 598 et
503 533 638 598 audaces
659 532 876 617 perdomuisse
897 533 992 598 viros.

281 618 344 682 Hic
365 618 473 683 iuveni
495 617 632 702 detraxit
653 639 744 700 opes,
767 615 821 680 hio
843 617 946 682 dicere
968 618 1062 682 iussit

323 703 437 766 Limen
457 701 498 765 ad
518 701 617 766 iratae
638 701 735 766 verba
755 700 903 785 pudenda
924 723 1047 766 senem:

233 799 267 848 'lo
280 785 352 852 Hoc
374 787 453 850 duce
475 785 621 852 custodes
642 785 753 849 furtim
774 788 975 869 transgressa
996 786 1136 850 iacentes

324 870 377 933 Ad
398 871 545 934 iuvenem
566 870 706 935 tenebris
728 871 798 934 sola
818 871 925 952 puella
945 870 1033 938 venit

281 952 326 1018 Et
346 954 481 1037 pedibus
501 953 714 1038 praetemptat
734 954 795 1018 iter
817 975 970 1036 suspensa
990 954 1121 1033 timore,

324 1037 481 1122 Explorct
503 1059 611 1102 caecas
635 1038 686 1102 cui
707 1059 820 1102 manus
843 1041 916 1102 ante
937 1039 1014 1101 vias.

281 1121 313 1186 A
334 1123 458 1206 miseri,
480 1143 558 1205 quos
579 1121 633 1186 hic
654 1122 794 1206 graviter
815 1121 892 1186 deus
912 1123 1018 1206 urget!
1040 1125 1074 1185 at
1094 1121 1151 1184 ille

233 1218 268 1266 so
323 1205 430 1290 Felix,
454 1207 505 1270 cui
526 1205 670 1289 placidus
692 1206 807 1270 leniter
828 1205 925 1270 adflat
944 1207 1054 1270 Amor.
1075 1215 1079 1221 '

284 1287 413 1372 Sancte,
435 1289 508 1354 veni
530 1289 664 1372 dapibus
686 1289 791 1373 festis,
814 1289 870 1354 sed
891 1310 975 1373 pone
998 1289 1133 1374 sagittas

324 1372 369 1436 Et
389 1373 501 1457 procul
523 1373 669 1438 ardentes
690 1372 767 1438 hinc
787 1395 900 1458 precor
921 1373 1001 1438 abde
1022 1374 1117 1438 facee.

283 1454 351 1521 Vos
373 1457 529 1524 celebrem
551 1461 677 1522 cantate
699 1457 793 1523 deum
813 1457 982 1542 pecorique
1003 1461 1123 1522 vocate.

325 1539 413 1604 Voce
434 1541 541 1624 palam
563 1542 687 1626 pecori,
710 1542 792 1606 clam
814 1541 876 1606 sibi
898 1543 1029 1626 quisque
1050 1543 1152 1606 vocet.

234 1635 268 1684 ss
282 1625 350 1688 Aut
370 1625 466 1690 etiam
488 1626 549 1690 sibi
593 1627 704 1710 uisque
724 1627 843 1710 palam:
864 1647 940 1690 nam
961 1626 1056 1690 turba
1074 1626 1189 1692 iocosa

208 1773 221 1792 ‚
327 1709 490 1792 Obstrepit
511 1713 544 1774 et
564 1647 705 1795 dhrygio
727 1710 808 1775 tibia
829 1731 926 1775 curva
947 1731 1035 1774 sono.

283 1793 412 1861 Ludite:
427 1794 492 1858 iam
502 1793 578 1860 Nox
591 1795 698 1879 iungit
712 1816 818 1942 effice,
835 1815 1022 1878 currumque
1034 1797 1189 1858 secuntur·

326 1877 439 1942 Matris
461 1878 580 1944 lascivo
603 1879 706 1944 sidera
774 1901 815 1943 va
835 1878 948 1965 choqo,

283 1960 423 2046 Postque
447 1963 533 2028 venit
553 1963 668 2028 tacitos
689 1963 789 2028 furvis
811 1962 1022 2028 circumdatus
1045 1961 1104 2026 alis
1220 1958 1230 1972 ’

237 2057 271 2108 ao
327 2044 463 2111 Somnus
486 2050 519 2112 et
538 2045 660 2112 incerto
683 2046 815 2112 Somnia
835 2047 929 2132 nigra
949 2046 1039 2130 pede.

625 2177 777 2186 -———

284 2379 436 2448 Dicamus
457 2384 543 2448 bona
563 2385 659 2449 verbs
679 2422 722 2434 -
743 2385 832 2450 venit
851 2385 1025 2449 natalis-
1039 2383 1080 2448 ad
1097 2405 1189 2452 crass

328 2465 477 2552 Quisquis
499 2468 588 2552 ades,
610 2469 735 2566 lingua,
758 2468 806 2532 vir
827 2470 1016 2554 mulierque,
1038 2468 1119 2533 fave.

283 2548 425 2616 Vrantur
446 2553 499 2635 pia
520 2555 592 2616 tura
613 2553 693 2617 focis
699 2602 708 2636 ,
731 2556 863 2617 urantur
884 2553 1012 2636 odores,

328 2634 414 2709 Quos
435 2639 525 2700 tener
547 2657 564 2700 e
585 2639 670 2700 terra
691 2637 787 2702 divite
808 2638 909 2702 mittit
929 2638 1042 2702 Arabs.

254 2716 358 2800 tIpse
381 2740 454 2782 suos
478 2717 598 2784 Genius
620 2721 703 2785 adut
725 2722 848 2786 visurus
869 2721 1021 2804 honorae,

328 2800 388 2865 Cui
409 2802 560 2866 decorent
581 2807 706 2870 sanctas
728 2805 838 2871 mollia
860 2809 944 2871 serta
967 2827 1082 2872 comas.

283 2883 373 2948 Illius
394 2907 474 2968 puro
497 2885 660 2953 destillent
680 2893 826 2974 tempora
846 2891 961 2974 nardo,

326 2969 433 3060 Atque
455 2973 542 3036 satur
563 2973 628 3038 libo
651 2975 694 3038 sit
713 2974 901 3058 madeatque
922 2997 1025 3060 mero,

284 3053 417 3118 Adnuat
438 3057 484 3138 et,
508 3054 647 3122 Cornute
658 3107 668 3140 ,
690 3059 765 3141 tibi,
790 3059 1009 3144 quodcumque
1029 3058 1174 3146 rogabis.

140 3189 146 3200 .
236 3147 270 3198 ιο
324 3137 377 3202 En
398 3161 472 3224 age,
495 3141 572 3224 quid
594 3142 720 3208 cessas?
743 3141 856 3208 adnuit
876 3144 947 3209 ille:
967 3165 1055 3229 roga.

284 3222 449 3306 Auguror,
471 3226 579 3290 uxoris
601 3225 681 3290 fidos
704 3247 723 3291 o
746 3227 830 3292 tabis
852 3249 989 3294 amor-es:

326 3304 394 3368 lam
415 3328 487 3370 reor
507 3307 570 3374 hoc
590 3310 678 3393 ipsos
701 3333 717 3376 e
744 3312 867 3376 'dicisse
890 3313 974 3376 deos.

283 3385 353 3454 Neo
374 3389 435 3452 tibi
456 3392 621 3476 malueris,
641 3397 746 3459 totum
768 3417 984 3480 quaecumque
1003 3419 1060 3480 per
1075 3396 1192 3462 orbem

325 3470 431 3536 Fortis
453 3478 522 3576 arat
543 3477 647 3541 valido
669 3481 806 3544 rusticus
829 3501 905 3546 arva
925 3481 1021 3564 bove,
