2628 4116
638 242 790 298 aarum
1074 219 1198 311 [xxvn

637 407 783 481 XXVII.

319 540 468 606 Minister
488 539 586 604 vetuli
607 560 685 622 puer
706 537 833 602 Falerni

318 625 416 710 Inger
437 625 481 688 mi
504 624 617 688 calices
639 623 824 704 amariores,

318 709 365 772 Vt
385 709 436 772 lex
457 707 638 773 Postumiae
660 707 749 770 iubet
769 705 958 790 magistrae,

319 793 457 858 Ebriosa
479 792 569 855 acina
591 790 780 855 ebriosioris.

249 888 265 938 5
320 878 365 940 At
384 897 441 940 vos
464 893 526 959 quo
548 874 637 938 lubet
656 873 732 938 hinc
754 873 853 955 abite,
875 871 1023 955 lymphae

319 959 397 1024 Vini
418 959 590 1042 pernicies,
614 959 646 1022 et
667 957 708 1022 ad
729 977 855 1020 severos

320 1043 472 1128 Migrate:
494 1042 546 1106 hio
568 1063 673 1106 merus
696 1046 745 1105 est
766 1040 982 1123 Thyonianus.
1074 1037 1077 1043 ’

640 1179 793 1189 ...-ι----

630 1262 795 1336 XXVIII.

319 1394 446 1460 Pisonis
469 1394 615 1475 comites,
638 1393 752 1457 cohors
774 1393 880 1458 inanis

320 1480 415 1562 Aptis
437 1478 603 1542 sarcinulis
625 1481 657 1540 et
678 1477 847 1560 expeditis,

185 1609 186 1612 κ
320 1563 440 1626 Verani
462 1563 581 1646 optime
602 1564 699 1644 tuque
720 1563 766 1624 mi
786 1561 932 1642 Fabulle,

322 1647 404 1722 Quid
425 1668 531 1710 rerum
551 1645 685 1730 geritis?
709 1645 828 1708 satisne
851 1665 922 1708 cum
943 1644 1004 1706 islo

250 1741 267 1792 5
319 1729 434 1814 Vappa
454 1731 637 1814 frigoraque
659 1731 692 1792 et
712 1730 830 1792 famem
851 1727 992 1792 tulistis?

320 1813 519 1898 Ecquidnam
540 1813 575 1877 in
595 1813 713 1877 tabulis
734 1816 824 1896 patet
845 1812 951 1894 lucelli
1127 1879 1132 1888 ¹

319 1897 520 1982 Exponam,
541 1900 579 1961 ut
599 1896 694 1978 mihi,
717 1897 771 1980 qui
792 1917 898 1960 meum
919 1896 1044 1958 secutus

319 1981 503 2046 Praetorem
524 1983 626 2046 refero
648 1981 757 2044 datum
778 1979 893 2044 lucello

322 2065 367 2130 *Ο
389 2065 536 2147 Memmi,
558 2065 639 2128 bene
661 2086 712 2128 me
734 2085 770 2128 ao
793 2063 846 2126 diu
869 2063 1017 2146 supinum

238 2162 270 2212 10
320 2147 402 2211 Tota
423 2149 486 2211 ista
506 2147 595 2212 trabe
616 2147 720 2210 lentus
742 2147 931 2210 inrumasti.’

322 2232 397 2312 Sed,
421 2236 576 2314 quantum
597 2231 705 2314 video,
727 2231 796 2314 pari
818 2231 923 2294 fuistis

284 2338 290 2348 *
322 2314 419 2380 Casu:
442 2337 518 2379 nam
539 2315 641 2379 nihilo
662 2316 786 2380 minore
808 2335 905 2398 verpa

319 2398 409 2463 Furti
431 2401 516 2464 estio.
569 2403 619 2464 ete
640 2399 765 2464 nobiles
787 2399 915 2463 amicos.

320 2484 367 2546 At
387 2483 477 2547 vobis
498 2505 530 2548 m
563 2505 583 2547 a
604 2483 705 2546 multa
727 2483 759 2546 di
780 2482 919 2564 deaeque

238 2581 269 2630 15
318 2565 420 2650 Dent,
443 2567 614 2652 opprobria
635 2566 782 2630 Romulei
803 2565 966 2648 Remique.

601 2787 602 2791 ’
622 2789 803 2862 XXVIIII.

321 2920 399 2996 Quis
420 2919 482 2984 hoc
527 2921 611 2983 otest
630 2919 752 3001 videre,
775 2919 845 3001 quis
866 2920 973 3002 potest
993 2917 1076 3002 pali,

319 3003 392 3069 Nisi
413 3005 491 3086 inpu
515 3003 580 3076 ‘cus
602 3006 634 3067 et
654 3024 751 3066 vorax
773 3006 805 3065 et
826 3003 910 3084 aleo,
1060 3018 1064 3026 ·

319 3088 514 3151 Mamurram
535 3085 652 3151 habere
677 3086 761 3170 quod
784 3085 918 3150 Comata
939 3085 1044 3150 Gallia

292 3171 468 3276 flHabebat
488 3174 564 3236 ante
585 3174 618 3234 et
637 3171 750 3234 ultima
770 3168 960 3247 Britamm?

251 3269 267 3318 o
297 3323 299 3328 ,
323 3254 461 3320 Cinaede
481 3255 631 3336 Romule,
653 3254 732 3318 haec
753 3253 874 3317 videbis
897 3256 929 3317 et
949 3252 1053 3318 feres?

250 3341 288 3402 ul
320 3338 368 3402 Es
388 3341 556 3421 lnpudc'cus
577 3344 606 3404 et
625 3358 726 3403 noran
746 3342 776 3402 et
796 3339 871 3402 alec.

321 3423 366 3486 Et
385 3423 440 3486 ille
462 3443 548 3486 nunc
570 3421 722 3504 superbus
745 3424 778 3484 et
799 3421 993 3506 superfluens

320 3505 557 3572 Perambulabit
578 3505 720 3568 omnium
742 3504 859 3568 cubilia
