2632 4140
503 245 716 306 PRAEFATIO.
1022 257 1086 305 xlx

188 413 214 488 I,
239 415 267 488 2,
292 416 330 474 11
353 413 466 488 felicius
484 414 621 489 boehm„
638 415 799 492 ¹formosius
818 414 897 474 libri.
941 413 1086 491 Pauperis

124 499 260 576 profecto
275 501 355 559 esset
368 499 483 576 ingenii
497 500 529 558 in
544 499 648 558 eadem
663 499 861 575 descriptione
880 499 1020 558 adhibere
1034 518 1085 560 vo·

126 583 265 642 cabulunr
285 583 365 660 quod
385 586 432 655 est
450 583 609 658 formosus,
631 602 699 642 eum
720 583 799 644 binis
820 584 955 644 versibus
980 583 1087 642 fuisset

126 667 196 726 unte
210 666 365 740 formosos.
394 666 476 726 Illud
494 669 595 726 tamen
615 668 735 742 dubito,
755 669 858 727 utrum
878 667 1086 728 Lachmannus
1162 709 1166 716 -

126 751 220 810 fuerit
239 750 407 828 sequendus
427 752 542 828 potius,
565 770 603 810 an
617 751 772 813 Bentleius
787 753 839 828 qui
852 752 950 813 voluit
963 751 1086 812 rescribi

126 835 304 910 frondosior,
321 836 399 896 sicut
412 837 481 895 ante
496 853 565 895 eum
579 835 730 896 Heinsius.

190 919 231 978 ib.
249 921 287 980 13
303 920 474 994 praeberent
493 919 723 997 Hertzbergius,
745 922 882 996 00110011
902 919 945 995 (ir,
962 938 1086 996 persua-

127 1005 196 1064 dent
209 1003 248 1063 N.
277 1003 392 1064 Vereor
409 1007 510 1064 amen
523 1022 562 1062 ne
577 1005 666 1064 altius
680 1005 709 1063 h.
724 1005 745 1064 l.
760 1005 854 1064 lateat
867 1005 986 1065 vitium.

173 1083 177 1094 '
191 1087 217 1161 Ι,
234 1089 262 1160 3,
281 1090 319 1148 16
334 1089 486 1162 osculoque
500 1089 618 1149 admota
631 1106 743 1150 sumre
757 1094 784 1149 et
798 1107 883 1149 00010
897 1107 999 1150 morra.
1028 1088 1087 1148 Illa

129 1191 205 1248 quae
226 1173 296 1232 sunt
315 1178 342 1233 et
361 1191 447 1233 crana
466 1172 637 1236 nihiliesse
652 1176 721 1249 post
734 1173 868 1234 virorum
883 1173 1021 1248 equidem
1036 1173 1086 1232 do·

129 1259 246 1316 otorum
267 1256 482 1333 disputationes
501 1256 575 1316 mihi
595 1258 715 1318 videtur
733 1256 813 1317 hand
832 1257 965 1316 dubium.
999 1256 1086 1317 Vnde

128 1341 265 1416 plerique
285 1341 445 1417 scripsere,
465 1341 545 1418 quod
563 1341 589 1400 I.
604 1341 822 1402 Endronovio
843 1341 956 1417 placuit
970 1343 1010 1402 ad
1024 1360 1086 1411 oro,

128 1423 219 1500 idque
239 1443 309 1486 sane
335 1427 459 1501 apparet
479 1425 601 1486 minime
623 1444 686 1488 esse
704 1427 850 1503 ineptum.
880 1425 965 1485 Idem
986 1429 1088 1484 tamen

130 1509 314 1584 superfluum
332 1511 481 1586 nimisque
500 1514 649 1570 remotum
670 1511 830 1576 straditis.
860 1510 965 1586 Itaque
979 1511 1087 1570 melius

128 1593 327 1654 Baehrensius
342 1594 497 1654 substituit
513 1612 592 1656 cora.
622 1595 670 1655 Ita
684 1595 751 1656 Tib.
766 1595 791 1671 I,
807 1596 837 1671 4,
854 1595 893 1654 53
909 1597 1087 1670 espissiam

130 1695 202 1739 coro
222 1679 315 1740 licebit
328 1679 434 1739 oscula
1105 1733 1109 1738 .

192 1762 234 1820 ib.
250 1763 290 1822 39
300 1764 449 1837 producas
463 1762 509 1821 ed.
524 1761 695 1839 Gryphiana
709 1783 735 1824 a.
752 1764 850 1840 15513
859 1764 1005 1839 perducta
1021 1763 1086 1823 cdd.

130 1844 177 1906 df.
194 1843 258 1905 Cat.
277 1847 346 1920 109,
363 1847 397 1922 ὅ,
413 1847 497 1906 Paul.
512 1846 582 1906 Nol.
600 1848 649 1921 23,
666 1849 736 1906 116.

114 1943 124 1958 ·
193 1929 219 2004 I,
236 1929 394 2004 5,.30110
408 1929 660 2004 Hemsterhusius‚
676 1947 753 1992 nasos
767 1929 832 1990 odd.

193 2014 234 2073 ib.
250 2015 270 2074 8
284 2015 352 2076 sciet
365 2014 445 2089 Itali,
460 2015 529 2074 solet
542 2015 623 2074 libri.

196 2098 237 2156 ib.
255 2099 295 2158 20
315 2100 450 2170 10011οΜ
471 2100 554 2160 domo
567 2098 688 2160 Lechm·
705 2100 769 2160 sine
784 2117 886 2176 ossisa3
910 2099 946 2160 cl.
962 2099 991 2159 1.
1006 2119 1031 2158 r.
1046 2119 1087 2160 m.

195 2266 220 2341 Ι,
237 2269 266 2342 6,
281 2268 302 2326 4
324 2269 407 2328 domo
422 2269 595 2329 Memnonio
608 2268 767 2346 Hauptius,
788 2270 886 2330 doroos
900 2269 1089 2331 Memnonias

194 2435 235 2494 ib.
253 2436 293 2496 15
308 2438 444 2506 0010110,
458 2441 495 2498 cd
509 2439 581 2498 cilia
594 2437 633 2496 N.

194 2519 236 2578 ib.
252 2521 294 2579 34
314 2523 460 2596 11001011
473 2538 550 2596 pore
563 2524 620 2582 eris
634 2522 757 2596 capeat.
787 2519 868 2580 Illud
877 2538 953 2596 pars
973 2524 1031 2583 eris
1043 2523 1088 2582 in·

131 2605 237 2679 aptum
259 2622 323 2666 esse
344 2604 499 2666 verissime
519 2606 636 2666 monuit
656 2605 879 2680 Lachmannus,
909 2625 1089 2684 quemquam

130 2706 227 2749 nemo
234 2691 281 2748 est
294 2707 363 2748 eum
378 2693 461 2750 secut
460 2709 505 2750 us.
527 2691 743 2766 Reponendum
761 2690 814 2752 ille
835 2689 934 2765 duxit,
954 2692 990 2756 ut
1006 2693 1088 2767 puta,

130 2789 195 2832 sors
208 2774 271 2842 erit,
291 2773 346 2834 hoc
360 2773 481 2850 quidem
494 2775 667 2849 rectissime,
689 2778 724 2835 ut
737 2778 839 2836 tamen
852 2777 994 2853 appareat
1006 2793 1083 2852 pras·

130 2858 215 2916 terea
228 2857 416 2920 scribendum
431 2877 496 2918 osse
510 2863 544 2919 ct
557 2877 612 2934 pro
627 2864 661 2920 et.

195 2940 220 3014 Ι,
238 2943 266 3016 7,
284 2943 499 3016 1601011101
512 2947 626 3003 costros
639 2947 666 3002 te
679 2944 800 3004 obluese
814 2905 888 3005 deos}
910 2943 948 3004 In
962 2943 1027 3002 cdd.
1044 2945 1091 3002 est

131 3026 217 3099 qaod,
232 3044 291 3100 quc
306 3045 393 3102 saepe
408 3045 507 3086 errore
522 3028 686 3102 peceatum,
701 3043 756 3087 nec
770 3026 869 3087 minus
884 3029 1027 3088 eoiolcese.
1049 3027 1091 3084 Et

129 3109 187 3169 hoa
206 3109 328 3186 quidem
349 3112 421 3188 quin
442 3113 482 3170 sit
506 3129 545 3170 ne
564 3111 649 3171 flocci
667 3111 790 3188 quidem
811 3109 980 3169 faciendum
1001 3128 1091 3170 nemo

131 3193 264 3270 dubitat3
285 3195 362 3256 male
377 3197 479 3256 tamon
493 3213 524 3254 se
538 3195 630 3256 habet
643 3196 723 3272 quod
736 3195 878 3272 plerique⁴
887 3193 1090 3270 recipiendum

131 3277 281 3338 duxerunt
295 3281 439 3350 noluisse,
445 3280 576 3356 primum
587 3280 667 3356 quod
678 3279 797 3355 longius
813 3279 899 3341 abest
912 3297 931 3338 a
944 3280 1091 3356 scriptura

131 3362 242 3422 hadita
257 3362 363 3422 deinde
378 3363 447 3439 quia
461 3363 633 3439 Propertius
649 3363 775 3423 diacresi
789 3363 823 3424 in
836 3363 936 3425 verbis
951 3363 1092 3426 volvendi

131 3448 164 3505 et
183 3447 320 3516 soluendi
339 3465 400 3506 non
423 3449 527 3506 utitur.
556 3446 644 3520 Quod
664 3465 731 3506 eum
750 3448 794 3507 ita
808 3447 857 3522 sit,
872 3449 1092 3512 restituendum

129 3532 297 3592 mutatione
317 3531 470 3592 lenissima
488 3531 520 3591 id
539 3531 620 3610 qnod
646 3551 735 3608 supra
754 3533 918 3610 posuimus.
962 3533 1042 3592 illud
1065 3536 1092 3591 tc

870 3625 912 3682 b*
