2636 4146
83 184 129 254 11]
471 185 578 240 Lissa
601 184 630 241 v,
1003 178 1041 244 91

14 423 15 432 2
123 347 237 432 Meque
259 347 363 412 virum
385 349 511 496 sumpta
533 348 604 431 quis
625 350 724 432 neget
746 367 813 412 esse
835 345 935 432 toga?

14 467 16 564 Ι
82 431 132 496 Da
151 433 267 497 falcem
288 435 321 496 et
342 435 428 496 torto
480 433 590 496 cutem
610 430 690 496 mihi
705 429 868 515 conprime
883 431 992 494 faeno:
1010 437 1048 493 25'

124 515 247 580 Iurabis
269 519 380 580 nostra
401 517 548 600 gramina
569 519 655 580 secta
676 536 781 580 manu.

14 575 16 656 t
82 602 181 665 Arma
194 599 263 664 ,11111
284 599 447 684 quondam
468 603 514 683 et,
537 599 677 682 memini,
699 599 852 664 laudabar
873 600 908 664 in
929 597 1008 662 illis:

14 691 16 748 1
123 684 238 750 Corbis
260 685 295 748 in
316 685 456 767 inposito
478 683 618 768 pondere
640 705 763 748 messor
784 705 879 748 eram.

82 767 213 834 Sobrius
235 768 276 832 ad
297 768 385 832 lites:
409 771 443 832 at
464 771 568 834 cumst
588 767 716 853 inposta
738 789 871 851 corona,

124 851 287 919 Olamabis
310 853 408 936 capiti
429 853 505 917 vina
527 852 649 916 subisse
670 874 750 918 meu.
1011 863 1046 914 cc

83 936 144 1004 Cin
169 959 185 1000 e
209 939 306 1021 caput
325 936 434 1020 mitra,
457 937 595 1020 speciem
616 937 748 1001 furabor
770 935 892 1002 Iacchi:

190 1021 268 1086 abor
288 1019 425 1104 Phoebi,
448 1021 476 1085 si
497 1021 592 1085 modo
614 1021 736 1105 plectra
757 1021 857 1084 dabis.

84 1105 234 1171 Oassibus
256 1103 405 1188 inpositis
426 1126 540 1170 venor:
563 1104 619 1170 sed
638 1104 814 1169 harundine
837 1107 964 1188 sumpta

124 1189 254 1254 Faunus
275 1189 422 1274 plumoso
445 1211 515 1254 sum
537 1187 613 1254 deus
635 1189 779 1273 aucupio.
991 1191 992 1194 ’

83 1274 144 1339 Est
166 1273 262 1339 etiam
284 1273 412 1358 aurigae
434 1273 554 1358 species
576 1272 771 1338 Vertumnus
794 1276 826 1338 et
852 1273 934 1356 eius,
1013 1283 1046 1335 35

125 1357 247 1422 Traicit
268 1357 392 1421 alterno
415 1358 470 1441 qui
491 1357 560 1422 leve
581 1357 706 1441 pondus
729 1378 820 1441 equo.

85 1442 127 1508 Su
175 1445 241 1506 etat
262 1441 338 1525 hcc,
360 1441 464 1525 pisces
487 1441 607 1506 calamo
630 1441 820 1526 praedatur,
844 1445 876 1506 et
896 1442 949 1506 ibo

162 1526 266 1591 andus
287 1526 434 1592 demissis
456 1525 585 1590 institor
606 1525 640 1590 in
662 1526 788 1590 tunicis:

84 1610 251 1675 Pastorem
274 1610 313 1674 ad
335 1609 482 1674 baculum
504 1631 635 1693 possum
658 1631 765 1674 curare
787 1609 943 1674 aelidem

41 1739 46 1748 ·
127 1694 296 1778 Sirpiculis
316 1693 422 1758 medio
444 1694 572 1790 pulvere
593 1693 678 1757 ferre
694 1714 810 1758 rosam.
1015 1705 1048 1754 40
1079 1747 1080 1751 ,
1124 1723 1145 1749 1„

84 1778 170 1845 Nam
192 1777 283 1862 ‘quid
318 1799 378 1862 ego
408 1775 544 1842 adiciam
555 1824 565 1860 ,
601 1776 639 1841 de
671 1797 733 1924 qripo
762 1776 842 1840 mihi
871 1776 1007 1840 maxima

141 1872 143 1877 ’
708 1863 809 1925 amast

125 1945 306 2012 Hortorum
322 1947 362 2010 ι111
383 1947 530 2012 manibus
552 1945 637 2010 done
657 1945 792 2029 probata
813 1909 914 2008 ineis?

85 2031 259 2098 Caeruleus
283 2031 423 2096 cucumis
444 2029 628 2112 tumidoque
650 2029 813 2094 cucurbita
834 2031 945 2094 ventre

127 2113 183 2180 Me
204 2118 297 2180 notat
319 2119 351 2180 et
371 2116 465 2180 iunco
488 2113 628 2179 brassica
650 2115 756 2179 vincta
777 2113 855 2196 levi,

64 2199 156 2265 (Nec
177 2199 237 2263 flos
258 2200 341 2264 ullus
363 2199 432 2264 hiat
452 2199 567 2284 pratis,
591 2200 668 2283 quin
689 2199 743 2264 ille
765 2199 913 2264 decenter
1017 2209 1050 2260 45

126 2283 293 2367 Inpositus
314 2284 415 2348 fronti
436 2284 589 2369 langueat
609 2286 683 2348 ante
703 2304 800 2347 meae.

85 2371 131 2433 At
153 2365 249 2450 mihi,
271 2367 356 2450 quod
378 2366 497 2432 formas
518 2389 601 2431 unus
622 2367 767 2431 vertebar
788 2367 823 2430 in
845 2387 966 2448 omnes,

127 2451 259 2518 Nomen
280 2451 319 2516 ab
342 2453 458 2515 eventu
478 2451 582 2535 patria
603 2451 714 2536 lingue
735 2449 837 2534 dedit3

85 2537 130 2602 Et
151 2539 199 2619 tu,
221 2535 332 2618 Rama,
355 2535 434 2600 meis
455 2535 596 2601 tribuisti
639 2535 757 2600 racmia
778 2533 899 2616 1111111,

129 2619 226 2685 Vnde
247 2618 343 2684 hodie
364 2619 452 2691 vicus
474 2620 606 2686 nomina
654 2641 748 2684 uscus
769 2619 883 2701 habet,
1019 2629 1053 2682 tu

86 2705 246 2788 Tempore
268 2725 330 2788 quc
353 2704 448 2769 sociis
470 2707 560 2770 venit
572 2704 781 2788 Lycomedius
804 2705 899 2770 armis

129 2793 240 2872 Atque
262 2787 381 2853 Sabina
401 2787 462 2851 feri
485 2789 631 2853 contudit
652 2811 740 2853 arma
761 2789 842 2854 Tati.

85 2873 163 2946 Vidi
186 2894 246 2958 ego
268 2872 412 2936 labentes
435 2871 518 2936 acies
541 2875 574 2934 et
593 2873 659 2936 tela
680 2873 813 2954 caduca,

128 2960 239 3040 Atque
260 2955 370 3020 hostes
391 2956 478 3040 turpi
499 2959 591 3040 terga
613 2955 738 3020 dedisse
759 2955 864 3040 fugae.

87 3042 152 3108 Sed
173 3041 288 3124 facias,
311 3041 418 3104 divum
441 3043 542 3124 sator,
564 3042 601 3104 ut
621 3039 767 3103 Romana
787 3060 846 3122 per
866 3059 978 3103 aevum
1019 3051 1053 3104 5⁶

130 3125 288 3190 transeat
309 3128 383 3188 ante
404 3146 491 3190 meos
513 3125 607 3190 turba
627 3126 661 3188 to
686 3127 739 3187 ata
759 3123 866 3206 pedes.

86 3210 153 3276 Sex
175 3212 328 3293 superant
348 3227 471 3274 versus:
494 3213 542 3292 te,
565 3209 620 3292 qui
641 3145 685 3272 11
702 3207 884 3274 vadimonia
900 3207 1010 3292 curris,

130 3293 209 3359 Non
230 3313 351 3357 moror:
373 3292 451 3358 haec
473 3293 585 3377 spatiis
607 3292 721 3356 ultima
741 3294 827 3356 meta
848 3292 937 3358 meis.

86 3377 198 3461 Stipes
221 3398 355 3442 acernus
377 3398 480 3460 eram,
503 3378 687 3461 properanti
708 3377 789 3442 falce
813 3376 946 3461 dolatus,

132 3465 222 3525 Ante
243 3460 384 3526 Numam
405 3465 499 3548 grata
519 3482 639 3546 pauper
661 3461 696 3527 in
717 3462 794 3528 urbe
818 3463 902 3528 deus.
1022 3472 1056 3524 co

141 3563 293 3606 2101111111.
887 3568 902 3616 7
