2628 4116
67 229 194 300 mxu]
488 224 604 282 uranu
988 220 1028 286 oo

68 391 159 457 Nulla
180 389 259 453 fides
281 387 349 452 ullo
371 385 434 450 fuit
453 407 604 471 umquam
626 385 878 470 foederemus,

107 475 233 550 Quanta
253 473 289 536 in
311 491 419 535 amore
440 473 496 534 tuo
520 491 559 534 ex
579 473 671 554 parte
692 476 816 555 reperta
838 475 948 537 meast.

67 561 158 626 Nunc
173 560 223 622 est
235 577 329 620 mens
344 553 472 619 diducta
486 557 551 637 tue,
566 576 638 619 mea
651 554 776 638 Lesbia,
791 557 894 642 culpa,
931 561 1029 619 LXXV

107 645 213 726 Atque
234 642 281 706 ita
302 661 336 703 se
359 639 466 703 officio
488 638 626 722 perdidit
647 639 717 723 ipsa
739 661 812 722 suo,

67 728 110 793 Vt
129 729 194 791 iam
214 745 275 789 nec
297 724 379 788 bene
400 722 482 786 velle
503 726 598 806 queat
618 723 695 809 tibi,
717 725 745 788 si
767 724 888 808 optime
909 725 981 808 fies,

106 811 174 877 Nec
198 809 350 874 desistere
372 828 493 890 amare,
516 807 625 871 omnia
647 808 673 874 si
697 808 803 874 facias.

463 1098 624 1172 LXXVI.

70 1233 101 1298 si
122 1254 163 1296 ua
184 1229 367 1295 recordanti
388 1229 554 1311 benefacta
575 1229 682 1312 priore
703 1229 849 1314 voluptas

101 1255 168 1382 iles
188 1313 328 1397 homini,
351 1336 423 1378 oum
445 1335 479 1378 se
502 1313 623 1400 cogitet
644 1334 712 1378 esse
734 1313 838 1398 pium,

69 1401 135 1466 Nec
156 1401 301 1465 sanctam
322 1397 457 1462 violasse
478 1397 587 1480 fidem,
610 1419 670 1462 neo
691 1397 817 1462 foedere
839 1400 873 1463 in
894 1399 960 1464 ullo

108 1483 226 1548 Divom
247 1481 288 1545 ad
310 1481 466 1546 fallendos
488 1482 619 1547 numine
641 1481 774 1546 abusum
794 1481 955 1564 imminue,

69 1567 169 1633 Multa
190 1569 303 1650 parate
323 1567 455 1630 manent
476 1565 511 1630 in
532 1565 631 1650 longe
651 1568 768 1650 aetate,
791 1564 932 1650 Catulle,
1012 1579 1028 1628 o

109 1651 159 1716 Ex
179 1650 244 1714 hoc
264 1651 392 1734 ingrato
414 1649 531 1733 gaudie
551 1671 658 1714 amore
679 1650 748 1714 tibi.

68 1735 151 1801 Nam
173 1755 389 1819 quaecumque
410 1731 556 1798 homines
578 1734 659 1798 bene
678 1733 824 1817 cuiquam
846 1737 901 1798 aut
922 1733 966 1797 di-

115 1873 117 1878 .
674 1838 744 1882 cere
766 1821 901 1901 possunt

108 1906 177 1968 Aut
198 1903 316 1986 facere,
339 1901 419 1967 haee
440 1924 460 1966 a
480 1904 513 1966 te
535 1901 681 1984 dictaque
703 1902 848 1984 factaque
871 1903 959 1985 sunt3

68 1987 246 2071 Omniaque
267 1988 413 2072 ingratae
435 1987 598 2070 perierunt
620 1985 739 2050 credita
759 1984 868 2050 menti.

110 2072 215 2148 Quare
235 2071 301 2136 iem
321 2073 354 2134 te
376 2091 432 2135 cur
453 2070 589 2154 amplius
612 2069 794 2134 excrucies?
842 2133 845 2142 ,
999 2083 1031 2132 10

68 2157 155 2232 Quin
167 2158 205 2219 tu
220 2156 326 2219 animo
342 2155 482 2218 offirmas
497 2157 591 2237 etque
605 2153 702 2219 istinc
715 2156 810 2238 teque
824 2153 949 2220 reducis

109 2239 156 2304 nt
176 2239 225 2303 dis
246 2239 356 2303 invitis
379 2238 497 2302 desinis
520 2259 588 2302 csse
609 2238 728 2304 miser?

67 2323 241 2388 Difficilest
261 2323 396 2407 longum
419 2321 525 2386 subito
548 2321 706 2406 deponere
728 2343 878 2387 amorem.

109 2407 298 2490 Difficilest,
319 2427 430 2470 verum
450 2405 512 2470 hoe
534 2425 597 2488 qua
617 2406 707 2470 lubet
728 2405 856 2479 efficias.

67 2492 142 2556 Vna
164 2491 250 2556 salus
271 2489 351 2555 haee
372 2492 435 2573 est,
457 2489 520 2554 hoc
542 2492 591 2554 est
612 2490 671 2554 tibi
692 2490 955 2574 pervinocndum:
1001 2503 1031 2552 15

108 2576 184 2640 Hoc
206 2575 319 2658 facias,
343 2575 409 2638 sive
431 2574 463 2638 id
484 2595 551 2638 non
572 2575 648 2658 pote
670 2575 736 2639 sive
757 2577 842 2658 pote.

67 2661 95 2726 0
111 2661 161 2739 di,
177 2659 205 2724 si
220 2660 392 2723 vestrumst
405 2658 562 2741 misereri,
581 2661 636 2722 aut
650 2659 678 2722 si
692 2659 806 2742 quibus
819 2680 970 2744 umquam
1066 2693 1069 2698 ·

108 2745 297 2809 Extremam
318 2743 383 2808 iem
403 2743 474 2827 ipsa
493 2745 596 2808 morte
618 2742 736 2806 tulistis
759 2764 868 2826 opem,

65 2829 121 2893 Me
144 2827 297 2892 miserum
318 2827 450 2912 aspicite
473 2825 533 2911 (et,
557 2826 584 2890 si
605 2827 704 2890 vitam
724 2828 848 2910 puriter
869 2827 937 2913 egi,

108 2913 170 2977 Eri
193 2912 237 2976 ite
258 2911 343 2977 hano
363 2913 486 2996 pestem
507 2910 743 2994 perniciemque
758 2909 873 2996 mihi),
1000 2923 1034 2972 ao
1127 2919 1144 2956 Ν

64 2996 108 3061 Ei
205 2996 212 3009 '
235 3017 403 3080 surrepens
424 2995 506 3059 imos
527 2996 565 3058 ut
584 2997 695 3078 torpor
716 2995 752 3058 in
774 2998 860 3059 artus

107 3080 247 3164 Expulit
269 3102 308 3144 ex
329 3079 417 3144 omni
437 3081 567 3163 pectore
588 3078 736 3143 laetitias.
1059 3099 1065 3174 ᾗ

64 3164 145 3230 Non
169 3165 233 3228 iam
254 3164 336 3228 illud
357 3183 490 3249 quaero,
513 3165 624 3228 contra
644 3185 695 3227 me
716 3165 753 3226 ut
775 3161 888 3246 diligat
909 3161 980 3241 illa,

107 3250 196 3331 Aut,
219 3247 305 3332 quod
325 3269 393 3312 non
412 3247 571 3332 potisest,
594 3267 672 3310 esse
685 3245 801 3329 pudiea
821 3245 915 3310 velit:

63 3332 143 3417 Ipse
156 3331 263 3396 valere
278 3353 297 3396 ο
320 3335 354 3396 to
368 3335 400 3396 et
413 3334 550 3396 taetrum
565 3331 650 3394 hunc
662 3329 819 3413 deponere
830 3331 986 3396 morbum.
1002 3339 1035 3390 25

107 3415 138 3482 0
165 3416 214 3499 di,
236 3415 291 3481 red
317 3416 358 3482 ‘te
379 3416 424 3482 mi
445 3415 507 3481 hoc
528 3435 586 3500 pro
608 3413 726 3498 pietate
748 3435 827 3482 mea.

477 3571 630 3582 mun—n·—

114 3603 254 3648 Gurnnm.
870 3607 887 3656 5
