2630 4110
239 205 261 252 ι
612 189 832 282 Parumne.

239 379 357 432 sonam,
378 377 474 434 neque
494 358 589 436 magis
610 359 786 417 crediderim
806 377 874 416 eum
888 376 977 434 poma
989 359 1076 433 rapta
1090 356 1207 434 Priapo

239 445 381 503 acerrimo
396 444 496 502 furum
516 447 547 502 et
560 443 737 524 inquisitori
744 445 775 504 et
788 443 960 519 castigatori
978 442 1071 502 fuisse
1085 443 1206 517 positu-

238 549 315 586 rum.
350 528 453 603 Itaque
473 545 562 587 sensu
582 530 663 585 earet
685 517 761 586 illud
781 529 863 602 copia
881 544 926 586 cae
938 527 1044 600 perdd,
1065 545 1121 602 pro
1141 545 1205 602 quo

239 611 318 688 quod
337 613 410 671 olim
427 607 465 690 [d.
481 631 506 670 r.
521 631 562 670 m.
579 607 651 689 254]
668 612 792 686 probavi
806 611 931 670 Antonii
945 611 1102 670 inventum
1117 613 1207 684 copia

238 699 280 754 mi
288 699 386 770 periit,
401 696 461 754 iam
476 713 603 772 agnosco
622 695 698 754 illud
711 698 753 754 mi
766 713 821 770 pro
835 696 908 754 mibi
922 695 958 754 ab
972 695 1079 753 horum
1094 696 1205 752 carmi·

238 799 310 838 num
325 779 474 856 elegantia
488 799 551 838 esse
566 779 705 838 alienum.
726 779 830 854 Itaque
845 779 880 838 de
895 780 1016 854 propria
1030 779 1207 838 coniectura

239 865 345 940 scripsi
359 867 441 938 copia
455 865 582 938 deperiit,
596 863 625 921 h.
641 883 667 922 e.
682 863 816 923 funditus
831 864 929 940 periit.
958 863 994 921 Id
1008 862 1088 938 quod
1102 864 1206 938 sequi-

238 951 289 1006 tur
308 948 465 1007 veraccuia
483 966 544 1006 non
565 946 729 1023 significare
739 950 864 1022 proprie
879 947 931 1028 sed
944 947 1043 1022 potius
1057 948 1090 1004 in
1103 947 1205 1022 ipsius

238 1033 343 1106 poetae
357 1031 444 1091 horto
458 1034 538 1105 nats,
551 1031 735 1092 demonstrat
744 1034 877 1107 utsupra
891 1031 969 1090 dicta
983 1031 1102 1089 mittam
1115 1031 1205 1090 locus

239 1113 325 1174 ovid.
342 1135 367 1174 a.
384 1135 441 1174 am.
459 1116 493 1186 2,
510 1117 570 1175 263
586 1135 666 1191 sqq.,
682 1117 733 1192 qui
748 1118 849 1192 aperte
865 1116 965 1174 thema
978 1115 1117 1191 praebuit
1130 1115 1205 1172 huic

239 1199 447 1276 epigrammati
466 1201 524 1258 nisi
538 1199 597 1256 fuit
616 1201 680 1274 ipse
701 1201 764 1259 eius
780 1219 847 1258 cum
861 1199 1065 1258 recordatione
1080 1217 1204 1274 compc-

239 1284 323 1343 situs
355 1281 399 1342 Cf.
417 1284 448 1340 et
461 1283 613 1341 annotatio
628 1283 800 1344 Burmanni.

303 1367 351 1438 22,
371 1367 387 1422 1
404 1367 482 1424 circe
495 1383 605 1439 puerve
624 1385 713 1426 sensu
728 1367 864 1444 exigente
877 1368 1014 1428 revocavi
1028 1385 1065 1426 ex
1080 1365 1135 1426 Ov.
1152 1385 1203 1443 ep.

239 1467 275 1508 ex
288 1449 322 1507 P.
338 1448 409 1524 1111,
427 1451 455 1522 9,
472 1451 526 1508 96:
641 1449 645 1456 '

389 1533 513 1591 Femina
528 1533 563 1592 de
578 1535 664 1594 nobis
678 1536 762 1595 virve
776 1555 887 1611 puerve
901 1536 995 1612 queri.

303 1618 352 1690 24,
370 1619 388 1676 3
412 1617 522 1693 Scripsi
542 1636 656 1693 caveas,
676 1619 747 1678 libri
766 1621 880 1680 babeas.
909 1621 988 1678 Nam
1011 1619 1043 1678 in
1062 1619 1118 1678 hoc
1137 1637 1204 1678 car-

237 1701 318 1759 mine
338 1719 400 1760 non
418 1703 513 1780 magis
534 1722 623 1778 quam
642 1703 675 1762 in
688 1705 811 1780 reliquis
825 1704 951 1780 Priapus
965 1703 1116 1762 inducitur
1129 1723 1203 1778 poe-

235 1803 308 1844 nam
327 1803 465 1846 exercens
486 1787 539 1846 sed
556 1787 706 1862 minitans,
726 1789 816 1864 idque
829 1789 928 1864 ipsum
948 1789 1090 1848 asseritur
1103 1788 1201 1863 epigr.

238 1869 396 1946 Leonidae,
419 1889 455 1930 ex
475 1890 533 1948 quo
555 1887 726 1948 expressum
741 1891 804 1932 esse
818 1873 946 1933 latinum
960 1873 1093 1948 plerique
1108 1891 1201 1931 anno·

237 1955 349 2048 terunt

303 2039 351 2111 26,
369 2041 387 2096 3
403 2041 523 2098 totis
538 2042 703 2099 acdibasi.
719 2059 745 2098 c.
761 2041 907 2100 omnibus.

301 2121 342 2178 ib.
359 2123 377 2178 7
398 2121 542 2192 ecfatdtus
562 2123 769 2196 Buechelerus,
789 2125 935 2182 librorum
956 2125 1134 2202 scriptorum
1154 2143 1202 2184 se·

239 2205 323 2262 cutus
337 2205 472 2302 vestigia,
488 2205 625 2302 effetatus
638 2225 667 2265 ιι.

301 2289 342 2346 ib.
359 2291 377 2348 9
397 2306 496 2364 capeio
517 2291 635 2365 scripsi
655 2291 755 2350 aciem
774 2291 839 2350 cdd.
847 2293 955 2368 ,quod
967 2293 1088 2370 irrepsit
1106 2309 1144 2352 ex
1165 2311 1201 2353 eo

239 2372 319 2446 quod
332 2373 466 2449 legitur
458 2391 491 2432 m
505 2372 562 2432 fine
576 2375 704 2449 proximi
719 2337 858 2435 versiculi
871 2379 1004 2438 cadeates.

301 2457 342 2514 ib.
360 2459 400 2517 10
413 2457 495 2530 fores
508 2459 637 2518 sdbdeee
651 2477 716 2534 ego,
731 2459 753 2532 s.
766 2463 880 2522 eaedem
894 2481 938 2537 v.;
954 2461 1022 2522 vide
1037 2479 1112 2536 quae
1126 2459 1201 2520 dixi·

238 2559 305 2599 mus
319 2541 357 2598 ad
373 2543 422 2610 13,
440 2545 467 2600 1.

304 2625 353 2699 29,
366 2627 386 2684 4
400 2625 481 2684 Illud
495 2628 621 2688 estradis
634 2628 739 2687 reduxi
754 2648 789 2688 ex
804 2629 868 2688 cdd.
882 2629 1092 2704 compluribus,
1108 2634 1201 2690 esicii-

239 2710 293 2768 dds
306 2729 335 2769 v.

304 2794 353 2869 30,
371 2795 392 2852 4
412 2812 464 2854 cur
477 2795 675 2856 Buechelerus
690 2816 726 2855 ex
739 2797 824 2856 libris
839 2797 965 2872 scriptis,
981 2815 1055 2872 quos
1068 2817 1097 2859 ι.
1118 2797 1202 2856 Idem

240 2877 272 2934 in
288 2875 345 2936 fine
360 2897 465 2938 versus
479 2880 584 2954 reponi
598 2880 665 2939 vult
679 2899 795 2954 uqdcm

304 2961 353 3037 31,
372 2963 388 3022 1
404 2963 476 3022 mibi
489 2982 528 3036 v.,
544 2965 601 3022 cici
615 2966 646 3022 et
660 2965 772 3024 similes
787 2966 969 3040 corruptelas
984 2966 1049 3024 cdd.

302 3047 343 3106 ib.
360 3048 379 3106 4
395 3064 491 3107 mano
508 3047 671 3123 Scioppius,
688 3051 750 3109 cralo
763 3069 792 3109 ι.
810 3094 812 3098 -

304 3133 353 3206 32,
371 3134 389 3190 7
405 3137 446 3192 est
453 3137 601 3207 putasque
609 3151 720 3206 pumex
733 3152 798 3209 ego,
815 3133 880 3192 cdd.
895 3134 1029 3209 plerique
1043 3152 1135 3208 easque
1143 3152 1203 3210 pd-

127 3228 129 3232 ·
241 3215 294 3272 iris
303 3232 413 3287 pumex
426 3217 523 3276 velt
489 3236 511 3276 ιι
511 3217 685 3291 ipsiusque
693 3235 726 3292 p

303 3298 344 3356 ib.
363 3300 401 3355 12
417 3301 566 3374 laicalem,
583 3301 620 3359 cf.
637 3303 664 3360 d
680 3321 704 3360 r
720 3321 760 3360 m.
778 3303 847 3362 260.

303 3382 344 3440 ib.
362 3383 401 3440 13
415 3347 632 3458 iaculandoque
646 3385 845 3459 Burmannus,
860 3387 1003 3458 insularis
1017 3403 1106 3462 oeque
1120 3387 1203 3464 ιιι,

243 3463 278 3532 ef.
294 3465 433 3526 Buechel.
448 3486 488 3526 m.
504 3468 560 3528 Rh.
576 3468 688 3545 XVHI,
705 3471 776 3529 392.
806 3431 945 3530 Pioximc
961 3489 1050 3532 versu
1063 3472 1144 3531 idem
1158 3491 1205 3533 re-
