2632 4140
127 147 191 218 111]
264 159 266 164 ·
522 145 630 200 amaa
650 147 673 203 1.

14 289 23 314 '³
129 308 193 374 Sed
214 307 312 372 facies
335 307 444 371 aderat
463 307 561 371 nnlhs
583 308 722 372 obnoxia
745 309 890 393 gemmis,

173 392 283 466 Qualis
305 392 448 474 Apelleis
471 393 520 456 est
541 392 628 456 color
649 393 684 456 in
704 393 830 457 tabulis.

127 475 207 542 Non
227 476 292 540 illis
308 475 456 558 ¹studium
478 476 575 560 volgo
598 497 659 540 oon
681 477 784 555 uirerc
806 479 966 541 amantes:

172 559 242 624 lllis
265 560 371 643 ampla
394 560 471 624 satis
493 559 599 624 forma
619 561 783 644 pu'citia.

128 643 206 710 Non
228 665 287 730 ego
310 650 396 708 nunc
417 664 537 726 vereor,
559 665 600 708 ne
623 644 683 708 sim
704 644 765 708 tibi
786 645 879 709 vilior
900 643 986 708 istis:
1058 655 1112 720 25„

172 727 238 792 Vni
260 729 353 815 siqua
371 727 485 811 placet,
508 727 594 792 culta
615 725 722 812 puella
743 731 792 792 sat
813 731 871 812 est,

14 823 23 866 ‘³
130 810 213 878 (lum
233 812 293 876 tibi
313 812 500 896 praesertim
522 810 670 876 Phoebus
692 833 750 876 sua
771 813 911 877 earmina
933 805 1031 876 donet

172 896 372 980 Aoniamque
393 896 496 960 libens
519 893 683 980 Calliopea
704 896 815 979 lyram,
901 918 903 922 ’

130 979 234 1045 Vnica
254 1001 314 1044 nec
336 979 420 1044 desit
440 979 586 1044 iocundis
607 979 712 1064 gratia
732 981 848 1063 verbis,

173 1063 289 1129 Omnia
303 1083 445 1147 quaeque
459 1061 569 1128 Venus
582 1084 724 1148 quaeque
738 1063 884 1128 Minerva
904 1063 1029 1148 probat.
1059 1076 1092 1124 30

131 1147 191 1212 His
211 1151 248 1212 tu
270 1169 394 1231 semper
416 1148 478 1212 eris
499 1149 628 1211 nostrae
649 1148 831 1234 gratissima
851 1148 945 1232 uitae,

173 1231 290 1296 Taedia
311 1231 386 1296 dum
407 1231 541 1296 miserae
565 1231 631 1295 sint
651 1232 711 1298 tibi
732 1233 884 1298 luxuriae.

535 1363 688 1374 —..—

576 1447 640 1520 ΠΙ.

133 1568 241 1646 Qualis
263 1567 386 1633 Thesea
406 1569 503 1656 iacuit
524 1569 655 1634 cedente
678 1569 785 1634 carina
845 1590 849 1668 1
905 1598 943 1639 aa.
957 1583 990 1626 110

172 1652 339 1738 Languida
360 1651 492 1718 desertis
515 1653 636 1718 Gnosia
657 1653 812 1735 litoribus,
844 1669 846 1716 1

133 1737 241 1814 Qualis
263 1740 295 1802 et
316 1737 462 1802 accubuit
482 1737 586 1821 primo
609 1735 654 1801 Oe
677 1735 750 1805 heia
771 1757 884 1800 somno

15 1829 17 1856 ⁵
172 1821 290 1886 Libera
310 1821 374 1884 iam
396 1821 482 1886 duris
505 1819 628 1884 cotibus
705 1819 865 1902 dromeda,

134 1904 202 1979 Nec
224 1905 330 1970 minus
352 1904 492 1969 adsiduis
513 1903 635 1968 Edonis
656 1903 742 1969 fessa
764 1903 886 1968 choreis
1074 1915 1092 1964 t>
1182 1961 1185 1967 .

142 2067 143 2072 ἵ
172 1989 282 2065 Qualis
303 1989 338 2052 in
358 1987 495 2054 herboso
518 1987 657 2053 concidit
677 1987 841 2072 Apidano:

106 2152 109 2157 .
132 2071 216 2138 Talis
238 2075 307 2137 visa
327 2071 408 2137 mihi
428 2073 559 2138 mollem
580 2073 701 2156 spirare
723 2071 861 2156 quietem

174 2157 313 2240 Cynthia
333 2177 400 2222 non
422 2157 517 2222 certis
538 2157 614 2221 nixa
636 2159 731 2240 caput
751 2155 908 2238 manibus,

131 2241 229 2306 Ebria
251 2263 322 2306 oum
343 2241 445 2306 multo
466 2241 625 2305 traherem
645 2241 782 2325 vestigia
802 2239 930 2304 Baccho

171 2325 216 2390 Et
236 2328 404 2409 quaterent
425 2347 494 2389 sera
514 2329 611 2388 noete
632 2323 735 2388 facem
753 2324 853 2408 pueri.
1059 2337 1092 2386 10

132 2408 223 2474 Hanc
245 2431 316 2494 ego,
337 2409 481 2474 nondum
495 2409 592 2472 etiam
607 2429 718 2472 sensus
734 2407 914 2491 deperditus
930 2427 1050 2491 ornnes,

171 2493 314 2558 Molliter
334 2494 369 2558 in
392 2514 480 2558 resso
502 2513 601 2558 conor
623 2491 709 2556 adiro
730 2495 817 2578 tor03
897 2565 902 2570 ,

131 2576 175 2642 nt
196 2577 339 2661 quamvis
362 2515 481 2661 diaplioi
504 2597 593 2642 corre
615 2579 685 2641 tum
707 2575 819 2640 ardore
840 2575 987 2640 iuberent

171 2660 243 2726 Hac
264 2663 366 2726 Amor
386 2660 446 2726 hac
466 2659 572 2745 Liber,
593 2600 692 2726 durus
713 2663 845 2744 uterque
868 2660 953 2743 deus,
1207 2709 1210 2714 .

132 2743 278 2810 Subiecto
300 2745 413 2810 leviter
433 2745 571 2830 positam
592 2748 749 2830 temptare
770 2745 888 2810 lacerto
1058 2755 1090 2806 1⁶

173 2829 351 2914 Osculaque
373 2829 502 2893 admota
523 2851 646 2894 sumere
668 2850 741 2893 cara
760 2850 867 2912 manu,

14 2947 15 2968 1
131 2911 208 2978 Non
228 2917 337 2978 tamen
359 2935 453 2978 ausus
476 2935 561 2976 eram
583 2913 730 2976 dominae
750 2913 878 2976 turbare
901 2912 1049 2996 quietem,

14 3001 15 3035 ³
173 2997 332 3080 Expertae
353 3001 498 3062 metuens
520 2997 624 3082 iurgia
646 2995 795 3061 saevitiae

132 3079 192 3146 Sed
214 3083 260 3146 sio
281 3081 414 3146 intentis
436 3079 605 3146 haerebam
625 3081 707 3146 fixus
729 3045 848 3162 ocellis,

171 3167 279 3250 Argus
301 3167 338 3229 ut
358 3165 480 3251 ignotis
502 3165 651 3230 cornibus
672 3161 853 3229 Inachidos.
1057 3173 1092 3224 ao

131 3247 174 3312 Et
193 3249 289 3313 modo
312 3248 477 3314 solvebam
499 3252 610 3312 nostra
631 3247 670 3312 de
691 3247 797 3312 fronte
819 3245 955 3312 corollas

171 3331 397 3417 Ponebamque
418 3333 493 3416 tuis,
517 3330 664 3414 Cynthia,
685 3331 892 3414 temporibus,

14 3421 15 3430 ’
131 3412 174 3480 Et
194 3416 289 3481 modo
311 3415 488 3503 gaudebam
509 3416 617 3499 lapsos
636 3415 775 3500 formare
797 3415 940 3502 capillos,

903 3515 942 3568 1·
