2636 4146
253 647 413 748 SEX.
447 649 905 750 PROPERTII

422 833 731 912 uuueruuvu

351 1021 798 1090 LIBERQVA'RTVS.
878 1051 880 1057 ·
1000 1022 1056 1082 III.

562 1240 592 1316 Ι.

73 1357 291 1460 ⁴carisiaci
313 1371 424 1438 Manes
446 1375 479 1438 ec
500 1371 560 1438 001
581 1393 670 1438 saera
690 1373 849 1455 Philetas,

140 1455 178 1521 In
200 1460 354 1540 vestrum,
377 1477 509 1546 quaeso,
531 1478 583 1522 me
605 1457 701 1522 sinite
722 1459 769 1522 ire
789 1479 911 1522 nemus.

95 1541 224 1605 Primus
247 1563 308 1626 ego
329 1539 493 1626 ingredior
512 1562 593 1638 puro
616 1541 654 1606 de
676 1542 765 1607 fonte
787 1542 933 1607 sacerdos

140 1625 223 1690 Itala
243 1647 301 1710 per
322 1625 435 1690 Graios
457 1646 548 1710 orgia
567 1625 649 1690 ferre
672 1625 795 1690 choros.

96 1709 218 1792 Dicite,
241 1730 304 1793 quo
349 1710 446 1774 ariter
467 1729 595 1774 carmen
615 1710 771 1774 tenuastis
792 1709 827 1773 in
849 1709 964 1774 antro?
1042 1723 1059 1770 u

7 1847 8 1850 η
142 1792 250 1868 Quove
272 1732 352 1878 pedd
373 1791 532 1880 ingressi?
555 1813 688 1876 quamve
709 1792 835 1858 bibistis
858 1793 995 1877 equam?

6 1923 8 1970 3
97 1877 128 1942 A
151 1878 270 1961 valeat,
291 1877 455 1943 Phoebum
478 1876 666 1961 quicumque
687 1881 829 1942 moratur
849 1877 884 1942 in
906 1877 1016 1942 armis!

6 1971 7 1982 ¹
141 1960 280 2027 Erectus
301 1961 391 2027 tenui
412 1961 538 2046 pumice
559 1983 668 2026 versus
690 1965 756 2044 eut,

98 2045 170 2122 Quo
192 2068 243 2111 me
265 2045 363 2112 Fama
383 2047 468 2112 levet
487 2049 573 2112 terra
594 2045 755 2129 sublimis,
778 2048 811 2110 et
832 2067 852 2110 a
872 2067 922 2110 me

142 2130 228 2196 Nate
250 2131 409 2198 coronatis
431 2129 525 2196 Musa
545 2129 722 2214 triumphet
743 2129 847 2215 equis,
1030 2141 1062 2191 ιο

99 2215 145 2280 Et
164 2237 289 2280 mecum
310 2215 345 2280 in
367 2236 461 2280 curru
485 2216 576 2300 parvi
596 2217 763 2281 vectantur
783 2214 935 2298 Amores,

143 2298 212 2364 Scri
234 2302 401 2384 torumque
423 2320 509 2365 meas
530 2299 624 2364 turbe
645 2303 753 2364 secute
773 2303 871 2363 retes.

100 2383 184 2460 Quid
204 2321 324 2449 §estre
344 2383 451 2448 missis
472 2383 508 2448 in
529 2404 580 2448 me
603 2383 730 2447 certetis
752 2381 908 2447 habenis?

142 2467 220 2532 Non
241 2467 333 2532 datur
354 2467 395 2532 ed
415 2465 525 2532 Muses
547 2487 673 2532 currere
694 2466 759 2530 late
780 2467 839 2531 viu.

100 2551 211 2649 Multi)
234 2551 353 2636 Roma,
375 2555 445 2618 tuus
467 2551 576 2618 leudes
598 2549 767 2616 annalibus
791 2549 922 2633 addent,
1031 2564 1062 2612 15

144 2635 205 2711 Qur
227 2635 324 2702 finem
345 2636 390 2701 irn
413 2635 471 2702 erii
492 2635 608 2702 Bactra
628 2635 735 2700 future
756 2638 881 2700 cenent.

102 2719 180 2804 Sed,
195 2721 280 2804 quod
293 2742 372 2806 pace
387 2659 491 2806 figes,
507 2741 587 2804 opus
600 2719 663 2785 hoc
677 2719 716 2785 de
730 2723 840 2786 monte
855 2739 1014 2808 sororum!
1125 2789 1132 2800 ,

144 2803 269 2870 Detulit
288 2806 408 2870 intecta
428 2827 450 2888 p
496 2803 548 2868 ‘ne
568 2809 682 2868 nostru
702 2805 763 2868 via.

101 2888 229 2972 Mollia,
251 2887 438 2988 Pegasides,
483 2890 533 2952 ate
555 2890 661 2952 vestro
684 2891 768 2951 serta
788 2892 915 2971 poetae:

144 2971 221 3038 Non
242 2973 339 3038 fauet
360 2970 456 3070 capiti
478 2971 556 3038 dura
578 2991 696 3035 corone
716 2991 798 3036 mee.
1030 2982 1064 3030 ‘20

66 3081 70 3143 q
79 3059 148 3172 [Ac
169 3056 249 3122 mihi
270 3057 355 3155 quod
376 3077 448 3122 vrvo
470 3055 642 3120 detraxerit
661 3053 770 3120 invida
790 3054 900 3134 turba,

66 3164 70 3217 ·‚
144 3141 224 3206 Post
244 3142 367 3207 ob1tum
389 3140 508 3225 duplici
528 3139 638 3205 fenore
659 3137 771 3203 reddet
790 3136 912 3202 Honos.

64 3173 219 3369 &omnia
239 3228 315 3309 post
336 3225 459 3290 obitum
479 3224 574 3310 fingit
595 3223 716 3288 maiora
736 3225 892 3304 vetustas,

144 3309 249 3374 Maius
271 3310 311 3374 ab
333 3307 474 3393 exequiis
498 3328 617 3372 nomen
637 3307 673 3371 in
694 3326 750 3370 ora
771 3305 870 3370 venit.

96 3395 187 3462 Nem
209 3393 279 3477 quis
301 3414 381 3478 equo
426 3392 510 3457 ulsus
532 3391 669 3476 abiegno
690 3395 837 3455 nosceret
858 3395 981 3538 wesin
1032 3401 1065 3452 eu

6 3567 7 3570 Ἴ
143 3476 354 3563 Fluminaque
408 3476 554 3542 aemonio
577 3475 721 3542 cominus
743 3475 806 3540 isse
827 3473 914 3560 viro,
