2628 4116
90 235 260 305 mxu]
517 234 634 291 LIBER.

128 400 226 465 Hanc
247 397 324 482 tibi,
348 395 436 461 cuius
457 417 509 460 me
530 415 666 481 magnus
689 394 802 462 edebat
822 417 920 462 amor.

90 485 130 548 Et
152 482 301 567 quamvis
323 483 431 545 tecum
452 480 554 544 multo
576 480 787 566 coniungerer
807 503 882 564 usu,

128 567 207 632 Non
230 565 308 630 satis
330 564 364 628 id
386 585 498 629 causae
520 561 714 630 credideram
736 585 805 629 esee
826 565 895 629 tibi.

90 653 137 716 Z‘u
159 651 240 715 eatis
262 649 296 714 id
318 649 423 713 duxti:
446 651 571 713 tantum
592 647 827 746 tibi-gaudium
848 649 883 712 in
905 647 992 714 omni

130 733 283 819 Culpast,
304 735 340 798 in
361 753 558 817 quacumque
580 734 630 797 eet
650 731 768 817 ahquid
789 732 927 798 sceleris.
1024 741 1057 794 ιο

501 879 652 892 Ἀ

463 977 680 1054 LXXXXII.

89 1113 205 1179 Lesbia
226 1113 272 1176 mi
294 1111 374 1176 dicit
395 1132 520 1195 semper
540 1111 623 1174 male
645 1131 704 1179 nec
726 1111 811 1175 tacet
831 1132 981 1196 umquam
1019 1176 1020 1180 ,

130 1197 181 1262 De
203 1218 270 1261 me:
293 1194 410 1260 Lesbia
432 1216 484 1260 me
506 1193 683 1292 dispeream
704 1195 767 1259 nisi
789 1198 883 1260 amat.

90 1281 159 1359 Quo
172 1279 291 1378 signo?
307 1279 381 1364 quia
395 1277 645 1361 sunt†t0t1dem
660 1300 744 1345 mear
760 1278 911 1364 deprecor
925 1279 1014 1346 illam
1115 1353 1123 1368 ‚

129 1363 292 1447 Adsidue,
313 1385 424 1429 rerum
447 1363 624 1446 dispeream
644 1363 708 1428 nisi
729 1383 812 1429 amc.

500 1509 652 1520 —u———o

459 1609 690 1686 LXXXXHI.

26 1779 31 1785 ·
87 1742 144 1809 Nil
166 1743 305 1807 nimium
329 1741 441 1806 studeo
464 1740 581 1808 Caesar
602 1741 663 1806 tibi
684 1741 768 1806 belle
789 1742 931 1889 Elaeae,
1006 1729 1009 1743 ⁸

128 1827 202 1892 Nec
225 1827 306 1892 scire
329 1828 436 1891 utrum
459 1826 503 1890 sis
525 1826 615 1891 albus
638 1847 680 1890 an
702 1829 769 1890 ater
813 1847 894 1891 omo.

500 1973 652 1982 ——-—--

447 2072 696 2147 LXXXXIIH.

87 2205 240 2271 Mentula
260 2202 455 2268 moechatur.
486 2203 672 2269 moechatur
693 2205 850 2270 mentula:
873 2210 967 2273 certe.

129 2287 206 2354 Hoc
229 2291 293 2372 est,
316 2287 401 2372 quod
423 2287 548 2371 dicunt,
570 2289 641 2372 ipsa
663 2289 749 2354 olera
770 2289 835 2354 olla
856 2289 944 2375 legit.

500 2451 651 2460 *μμ-.-

464 2534 677 2611 LXXXXV.

86 2668 233 2752 Zmyrna
255 2666 318 2731 mei
341 2664 463 2732 Cinnae
483 2687 605 2731 nonam
625 2670 701 2751 post
721 2668 857 2752 denique
880 2690 1015 2734 messem

130 2751 238 2828 Quam
260 2753 405 2834 coeptast
425 2771 606 2834 nonamque
628 2751 714 2816 edita
734 2756 809 2836 post
830 2751 983 2837 hiemem,

85 2837 184 2902 Milia
206 2857 278 2900 cum
300 2835 422 2900 interea
443 2835 620 2920 quingenta
639 2835 831 2902 Hortensius
852 2859 916 2902 uno

84 3005 231 3088 Zmyrna
253 3023 345 3068 cavas
360 3002 504 3068 Satrachi
526 3003 654 3088 penitus
675 3005 820 3070 mittetur
842 3005 881 3070 ad
902 3005 1018 3089 undas,
1040 3015 1057 3067 5

129 3089 306 3172 Zmyrnam
328 3109 407 3152 cana
428 3087 482 3152 diu
504 3087 629 3153 sacoma
649 3089 847 3172 persoluent.

81 3175 133 3238 At
154 3171 274 3238 Volusi
297 3171 426 3236 annales
448 3171 589 3238 Paduam
611 3173 787 3238 morientem
809 3171 849 3235 ad
871 3172 973 3256 ipsam

129 3257 177 3322 Et
200 3256 289 3320 laxas
311 3256 465 3320 scombris
487 3278 581 3340 saepe
603 3255 725 3320 dabunt
745 3255 880 3320 timicas.

81 3341 194 3406 Parva
214 3340 280 3404 mei
301 3339 381 3404 mihi
404 3340 469 3404 sint
490 3340 579 3405 cordi
600 3341 960 3423 momenmentum,

127 3427 178 3492 At
200 3423 340 3510 populus
362 3424 485 3490 tumido
507 3421 645 3510 gaudeat
666 3423 870 3492 Antimacho.
1025 3436 1058 3486 10

871 3614 905 3666 5⁸
