2630 4110
498 271 711 329 PRAEFATIO.
1037 288 1076 338 lx

107 439 212 499 Veluti
232 440 267 498 in
281 455 306 498 c.
325 439 365 499 63
382 457 449 498 cum
462 457 584 500 mancus
603 442 637 498 ut
650 439 739 516 paulo
755 441 823 502 ante
838 443 1002 503 memoravi
1016 443 1075 502 fer-

106 527 194 587 retur
208 523 378 599 antiquitus
393 541 496 584 versus
513 524 552 582 74
567 525 626 583 ita:

278 608 372 668 roseis
387 609 423 666 nt
435 607 503 666 huic
517 608 635 670 labellis
650 610 765 669 sonitus
781 609 870 683 abiit,

108 693 178 769 quis
205 691 348 752 eximium
373 709 408 752 ao
434 709 527 770 paene
547 691 673 752 dixerim
693 693 828 754 divinum
851 694 996 768 Bentleii,
1023 696 1075 771 qni

109 777 189 838 illud
203 778 275 836 odos
290 775 488 852 supplendum
504 776 686 837 existimavit
698 779 768 854 post
781 781 904 848 sonitus,
919 787 1075 856 sperneret

109 863 269 921 inventum
290 857 361 937 (etsi
387 877 524 935 sprevere
545 858 711 940 nonnulli),
732 861 792 922 nisi
810 862 1017 923 Lachmannus
1039 883 1075 924 er

110 946 178 1021 ipso
195 942 306 1004 Catulli
325 943 485 1020 archetypo
505 945 684 1006 vocabulum
704 965 722 1003 a
741 948 830 1022 poeta
849 947 1015 1006 adhibitum
1029 967 1074 1006 re-

111 1026 304 1104 cuperasset?
326 1028 510 1104 Quamquam
530 1029 657 1105 perfecit
676 1030 914 1090 emendationem
933 1031 1074 1107 Heysins.

111 1113 218 1188 Neque
233 1112 332 1172 minus
346 1113 534 1186 laetabimur,
557 1131 624 1172 oum
641 1112 774 1190 Scaliger
787 1114 912 1174 vidisset
925 1115 1075 1191 iungenda

112 1215 177 1258 esso
188 1197 305 1256 interse'
312 1197 442 1256 carmina
453 1198 494 1257 87
507 1199 538 1255 et
550 1199 567 1255 7
571 1198 599 1271 5,
614 1197 675 1256 iarn
689 1197 822 1258 eiusdem
831 1197 952 1256 Lachm.
963 1199 1075 1258 virtute

112 1281 261 1357 originem
276 1279 393 1354 erroris,
409 1299 468 1356 qno
483 1280 604 1340 diducta
617 1284 687 1341 sunt
700 1281 762 1355 illa,
779 1301 843 1342 esse
857 1282 1046 1358 patefactam.

197 1364 341 1424 ¹Ceterum
354 1383 391 1424 ex
404 1364 565 1442 archetypo
579 1366 611 1424 in
624 1365 826 1442 anthologiam
843 1365 991 1442 quandam
1006 1365 1074 1426 Gal·

112 1451 202 1510 licam
222 1447 309 1508 fluxit
329 1466 352 1508 o.
375 1450 429 1523 62,
451 1449 529 1508 unde
549 1449 626 1508 circa
646 1469 671 1509 a.
696 1451 758 1511 900
786 1449 966 1526 descriptum
995 1450 1075 1510 idem

112 1536 146 1594 in
160 1533 224 1593 cod.
240 1533 374 1592 Parisino
390 1534 481 1593 8071.
504 1531 618 1594 Eodem
633 1533 727 1594 ferme
741 1535 876 1612 tempore
891 1533 1025 1594 Veronae
1041 1537 1076 1594 ut

112 1619 222 1696 putant
241 1617 273 1676 in
291 1617 388 1692 patria
407 1617 480 1676 urbe
502 1615 613 1677 Catulli
631 1617 690 1677 fuit
709 1618 785 1678 liber
805 1619 943 1689 similitor
966 1637 1002 1678 ex
1020 1619 1074 1678 illo

113 1703 275 1778 archetypo
290 1701 405 1774 duatus,
421 1719 509 1778 quem
524 1721 549 1761 a.
564 1701 624 1762 965
640 1701 798 1762 Ratherius
819 1703 974 1780 episcopus
989 1703 1074 1780 legit.

112 1787 185 1846 Mox
199 1786 279 1844 idem
293 1786 425 1845 tenebris
439 1805 542 1846 rursus
558 1787 589 1846 ct
603 1786 753 1846 oblivione
768 1785 895 1860 abditus,
913 1787 1006 1846 donoc
1021 1787 1075 1845 Pe-

112 1874 228 1930 trarcae
248 1871 399 1945 tempore,
419 1869 449 1928 h.
465 1889 490 1929 e.
512 1872 580 1928 ante
601 1888 712 1928 annum
726 1871 788 1928 fere
806 1871 887 1928 1330
902 1889 938 1928 ex
952 1871 1075 1930 latebris

67 1952 69 1956 ’
114 1955 211 2015 denno
233 1955 362 2016 emersit.
391 1953 436 2014 De
456 1973 514 2030 qua
533 1972 565 2012 re
586 1953 776 2012 notissimum
795 1954 925 2014 testatur
945 1953 1076 2014 Beneve-

112 2040 180 2102 nuti
197 2035 384 2112 Campesanii
399 2039 597 2114 epigramma:

200 2122 237 2181 ad
251 2122 379 2198 patriam
393 2122 480 2181 renio
495 2122 593 2198 longis
609 2141 626 2180 a
639 2120 747 2182 finibus
762 2117 840 2182 exul.

242 2223 329 2268 causa
342 2205 402 2266 mei
415 2205 528 2266 reditus
544 2205 738 2282 compatriota
751 2207 823 2280 fuit,

199 2289 313 2352 scilicet
327 2309 345 2348 a
359 2289 487 2363 calamis,
503 2289 610 2350 tribuit
624 2291 672 2348 oui
685 2291 811 2350 Francia
823 2301 949 2366 nomen,

242 2375 352 2449 quique
366 2375 451 2434 notat
463 2374 568 2432 turbae
583 2376 799 2450 praetereuntis
813 2376 880 2434 iter.

160 2505 162 2508 .
198 2477 258 2534 quo
272 2457 344 2517 licet
356 2458 477 2534 ingenio
492 2461 626 2519 restrum
641 2459 787 2518 celebrate
804 2457 969 2533 Catullum,

244 2541 328 2602 cuius
342 2542 397 2602 sub
412 2541 511 2602 modio
528 2543 626 2602 clausa
639 2562 770 2619 papyrus
785 2545 858 2602 erat.
1048 2613 1051 2619 .

113 2627 161 2688 Ex
181 2645 226 2700 eo,
248 2645 338 2702 quem
358 2628 390 2686 et
408 2625 506 2702 ipsum
520 2625 753 2702 Langobardicis
768 2627 863 2686 literis
878 2625 1076 2702 perscriptum

112 2713 208 2772 fuisse
221 2729 284 2770 non
298 2710 439 2770 abhorret
458 2731 475 2768 a
493 2729 575 2784 vero,
591 2711 628 2771 ab
643 2729 719 2770 anno
736 2711 805 2770 inde
828 2712 908 2770 1375
932 2708 1023 2788 (certe
1040 2710 1076 2769 de

113 2796 278 2856 vetustiore
302 2795 465 2870 exemplari
484 2813 546 2854 non
565 2795 625 2854 iam
645 2798 769 2870 constet,
794 2795 852 2856 etsi
875 2795 934 2854 fuit
958 2795 1018 2854 tale
1044 2796 1077 2854 in

113 2879 295 2940 bibliotheca
314 2875 484 2956 Petraroae)
506 2879 630 2938 subinde
659 2881 826 2956 complures
847 2879 987 2954 descripti
1007 2881 1078 2940 sunt

113 2965 239 3037 codices
261 2964 341 3022 inter
362 2981 436 3039 quos
457 2963 622 3040 prinoipem
642 2964 742 3022 locum
762 2963 878 3023 obtinet
897 2965 928 3022 et
941 2967 1077 3038 tompore

113 3051 146 3108 et
164 3047 262 3124 pretio
284 3047 548 3123 sangermanensis
574 3048 654 3106 1165
674 3049 740 3124 ipso
760 3049 814 3107 illo
836 3065 913 3108 anno
940 3048 1077 3105 exaratus

113 3131 265 3204 Veronae,
299 3133 426 3190 alterum
457 3131 688 3206 Laurentianus,
724 3131 847 3190 tertium
877 3129 1076 3204 Colbertinus,

113 3218 255 3292 quartum
269 3215 413 3275 Datanus.
447 3215 488 3274 Hi
503 3234 605 3275 omnes
626 3218 697 3276 sunt
710 3215 826 3276 saeculo
842 3212 898 3273 XV
913 3213 1025 3290 scripti,
1048 3217 1079 3272 et

113 3299 318 3364 recentissime
338 3299 459 3376 quidem
473 3300 616 3372 Datanus,
637 3299 666 3358 h.
682 3318 708 3358 e.
731 3318 757 3356 a.
776 3299 865 3360 1463.
895 3299 1011 3358 Horum
1026 3317 1078 3373 po-

113 3386 264 3445 tissimum
289 3384 436 3442 librorum
457 3383 530 3456 fide,
558 3383 665 3456 quibus
689 3384 827 3458 quintum
853 3381 966 3442 addidit
986 3381 1078 3440 Ham·

114 3469 294 3546 burgensem
310 3463 495 3541 Schwabius,
519 3466 633 3526 sincera
653 3467 685 3526 in
700 3465 811 3526 Catulli
833 3467 1013 3527 carminibus
1034 3466 1079 3534 ni-

114 3553 189 3612 titur
203 3554 303 3612 lectio.
335 3551 474 3612 Ceterum
489 3551 665 3628 archetypus
681 3551 860 3612 Veronensis
881 3549 997 3626 quando
1013 3567 1082 3625 per·

163 3665 303 3713 csrvnnvs,
859 3648 877 3698 b
