2632 4140
19 219 20 230 ³
109 224 156 297 n]
215 269 219 272 .
500 230 607 286 claun
628 231 676 288 111.
1029 231 1070 295 41

14 445 15 456 ,
110 387 228 452 Durius
251 388 286 452 in
306 389 400 454 terris
422 389 505 455 nihil
527 393 681 476 estquod
703 395 951 478 vivacamante,
990 413 993 465 Ι

14 547 15 560 ¹
152 471 238 554 Nec,
259 473 355 536 modo
379 474 406 537 si
429 475 548 559 sapias,
593 477 656 540 uod
676 477 781 542 minus
803 501 872 545 esse
893 476 993 546 velis'.
1041 495 1072 544 10

14 565 17 650 ξ
111 555 213 632 Quem
234 554 330 620 modo
352 557 479 622 felicem
500 497 619 624 invida
640 560 815 626 admirante
836 563 997 648 ferebant,

14 653 16 736 j
106 698 109 703 .
152 639 248 706 Nunc
270 639 392 706 decimo
415 641 565 707 admittor
586 643 639 708 vix
661 666 721 729 ego
743 653 869 730 quoque
890 647 950 712 die.

14 743 15 782 ι
110 723 205 789 Nunc
227 724 329 789 iacere
351 747 369 788 e
391 724 469 790 duro
492 747 607 810 corpus
629 729 729 810 iuvat,
751 730 854 814 inpia,
877 747 970 815 saxo,

14 807 17 896 t
154 807 284 872 Sumere
306 809 394 874 etin
416 812 541 874 nostras
563 811 640 876 trita
660 833 783 878 venena
804 835 932 878 manus:

14 917 15 920 ¹
80 897 84 1049 l
109 891 179 956 Nec
201 891 278 981 licet
297 891 333 956 in
353 892 456 958 triviis
479 893 564 958 sicca
584 896 781 979 requiescere
802 899 878 962 luna
1039 912 1070 962 15

152 975 220 1038 Aut
240 996 298 1059 per
318 975 452 1042 rimosas
474 978 600 1043 mittere
622 980 718 1044 verba
738 981 833 1046 fores.

14 1071 15 1118 i
110 1057 204 1134 Quod
226 1060 370 1142 quamvis
390 1061 436 1124 ita
458 1061 514 1145 sit,
537 1062 699 1128 dominam
719 1069 842 1130 mutare
864 1065 996 1130 cavebo:

14 1175 15 1200 ;
152 1141 234 1206 Tum
255 1143 360 1229 flebit,
383 1165 454 1209 cum
476 1145 511 1209 in
532 1168 582 1210 me
605 1149 741 1212 senserit
762 1169 829 1214 esse
851 1149 956 1214 fidem.

480 1377 514 1450 X
542 1377 720 1471 [XVIH].·

108 1498 271 1564 Adsiduae
292 1498 401 1563 multis
424 1499 531 1564 odium
553 1521 702 1586 peperere
725 1502 885 1586 querelae:

14 1599 15 1602 ’
137 1582 323 1668 ·Frangitur
344 1583 379 1647 in
400 1583 498 1647 tacito
520 1583 640 1648 femina
660 1605 753 1668 saepe
775 1587 853 1650 viro.

15 1679 16 1684 ’
108 1665 221 1750 Siquid
242 1666 366 1750 vidisti,
390 1687 515 1750 semper
535 1667 653 1731 vidisse
674 1672 807 1753 negato:

149 1753 219 1814 Aut
240 1751 345 1834 siquid
366 1749 468 1814 doluit
490 1749 588 1833 forte,
610 1750 716 1815 dolere
737 1773 830 1836 nega.

14 1905 15 1914 ἵ
107 1833 193 1909 Quid
214 1855 285 1900 mea
306 1835 334 1898 si
356 1833 442 1898 canis
464 1835 551 1898 aetas
573 1834 776 1899 candesceret
796 1835 902 1919 annis,
1022 1869 1026 1873 ·
1051 1850 1069 1900 5

14 1915 16 1980 ῗ
149 1917 195 1982 Et
216 1917 335 1982 faceret
356 1918 471 1982 scissas
493 1918 644 2002 languida
664 1939 745 2003 ruga
765 1919 886 2003 genas?

14 1991 16 2048 ἶ
106 2003 154 2065 At
174 2022 242 2065 non
264 2001 396 2066 Tithoni
418 2023 571 2086 spernens
592 2002 718 2066 Aurora
739 2006 900 2067 senectam

14 2115 15 2164 3
150 2085 321 2150 Desertum
341 2085 413 2150 an
431 2107 527 2232 passa
548 2086 650 2151 iacere
672 2085 811 2152 demost:

14 2167 15 2172 ’
106 2169 205 2234 Illum
228 2189 322 2254 saepe
344 2169 409 2234 suis
453 2169 585 2236 ccedens
607 2169 689 2236 fovit
708 2171 744 2235 in
764 2171 865 2254 ulnis,
929 2191 935 2202 ·

14 2279 16 2312 ι
145 2253 253 2328 Quem
274 2253 374 2337 prius·
384 2253 549 2320 adiunctos
572 2254 681 2320 sedula
701 2255 780 2319 lavit
801 2275 913 2339 equos:
1036 2270 1068 2320 ιο

14 2417 15 2420 ¹
103 2337 204 2400 Illum
225 2337 265 2400 ad
286 2338 407 2402 vicinos
430 2358 502 2402 cum
524 2339 669 2421 amplexa
690 2339 865 2421 quiesceret
885 2338 997 2424 Indos,
1130 2375 1134 2380 „

147 2421 293 2484 Maturus
314 2421 463 2486 iterumst
483 2425 594 2505 questa
614 2421 717 2486 redire
741 2422 817 2487 dies,

15 2507 16 2510 ’
103 2505 167 2569 illa
190 2505 267 2569 deos
290 2525 416 2570 currum
438 2505 654 2570 conscendens
676 2504 757 2570 dixit
778 2505 918 2591 iniquos,

14 2665 15 2672 ἵ
147 2588 290 2653 invitum
313 2591 345 2654 et
365 2589 458 2654 terris
479 2589 641 2674 praestitit
662 2589 815 2676 officium3
853 2609 858 2617 ⁴·

14 2673 16 2734 i
103 2671 166 2738 Oui
188 2672 311 2750 maiora
332 2673 417 2738 senis
438 2673 570 2738 Tithoni
592 2673 708 2760 gaddia
728 2675 806 2758 vivi,
949 2686 968 2820 pp
1035 2688 1074 2766 151
1117 2743 1128 2758 ³

150 2756 256 2832 Quam
277 2757 384 2842 gravis
406 2759 522 2822 amisso
544 2758 716 2824 Memnone
737 2759 841 2824 luctus
864 2761 939 2824 erat.
998 2745 1033 2810 fi·
1052 2746 1146 2808 init*

14 2847 15 2850 ’
101 2840 188 2906 Cum
210 2861 287 2904 sene
307 2861 375 2905 non
395 2841 510 2924 puduit
530 2841 627 2905 talem
649 2843 787 2907 dormire
808 2843 948 2926 puellam

143 2924 192 2990 Et
213 2945 310 2988 canae
330 2925 450 2990 totiens
472 2924 582 2988 oscula
602 2925 684 2990 ferre
706 2946 823 2990 comae.
1144 3001 1148 3004 ,

99 3011 147 3074 At
170 3012 209 3072 tu
230 3007 327 3072 etiam
348 3008 495 3074 iuvenem
516 3006 614 3073 odisti
634 3027 699 3091 me,
721 3009 857 3092 perfida,
880 3031 952 3074 cum
974 3011 1017 3076 sis

143 3091 874 3176 mmmwmmffl
1033 3108 1134 3158 m'

99 3176 192 3253 Quin
215 3197 274 3261 ego
297 3175 445 3240 deminuo
468 3197 591 3258 curam,
614 3175 699 3260 quod
721 3197 814 3260 saepe
836 3174 959 3260 Cupido

14 3303 15 3306 κ
142 3258 233 3326 Huic
254 3259 357 3326 malus
380 3281 448 3326 esse
471 3260 567 3342 solet,
590 3261 641 3323 oui
661 3259 765 3325 bonus
787 3263 860 3325 ante
881 3261 951 3326 suit.

510 3430 661 3442 ...ιη-..ιο
