2666 4138
113 239 223 309 vnn.)
524 239 633 294 LIBER
653 239 676 298 1.
1048 234 1089 300 19

3 449 4 470 ι
115 403 182 468 Vel
205 401 472 486 compromittit,
496 401 601 466 subito
624 401 680 466 sed
701 401 822 486 perfida
842 402 942 486 fallit,

161 485 225 550 Est
245 485 325 550 mihi
346 507 410 548 nox
431 450 541 550 multis
564 487 746 571 evigiianda
767 485 870 551 malis.

115 571 207 636 Dum
228 569 309 633 mihi
331 571 497 632 venturam
511 569 615 666 fingo,
638 570 858 654 quodcumque
873 573 1032 654 movetur,
1055 582 1088 632 65

162 655 255 719 Illius
279 653 373 717 eredo
395 655 472 716 tune
495 654 637 718 sonuisse
658 655 794 738 pedem!

119 739 270 804 Desistas
292 737 457 801 lacrimare
463 759 588 820 ,puert
610 759 678 802 non
699 737 858 824 frangitur
879 739 951 823 illa,

3 897 4 904 ¹
162 822 208 886 Et
228 821 313 885 tua'
303 843 369 884 ram
388 821 445 884 flet
446 843 467 884 u
488 821 611 886 lumina
631 823 718 887 fessa
738 825 872 888 tument.

3 975 4 978 ,
119 906 285 987 Oderunt,
307 903 444 988 Pholoe,
466 926 597 988 moneo,
619 906 750 970 fastidia
771 908 850 990 divi,

3 997 5 1070 ι
163 990 233 1055 Nee
254 954 386 1072 piodest
408 989 527 1054 sanetis
548 955 621 1053 tuia
643 990 768 1054 dedisse
789 957 879 1055 focis.
1055 1002 1089 1054 ιο

118 1074 184 1138 Hie
199 1012 364 1136 Marathus
386 1073 548 1156 quondam
561 1074 696 1138 miseros
718 1074 848 1138 ludebat
866 1076 1023 1158 amantes,

163 1157 299 1223 Nescius
321 1157 458 1221 ultorem
479 1161 554 1240 post
575 1161 673 1255 eaput
693 1180 762 1222 esse
784 1159 894 1222 deum:

120 1241 182 1308 See
207 1263 223 1306 e
246 1241 342 1305 etiarn
363 1241 503 1306 lacrimis
525 1241 673 1306 fertur
646 1243 755 1306 risisse
777 1242 915 1308 dolentis

194 1329 290 1408 teup
291 1324 381 1389 idum
402 1325 478 1390 fiete
499 1325 674 1390 detinuisse
695 1349 800 1392 mora:

119 1409 218 1476 Nune
239 1429 350 1473 omnes
372 1409 441 1474 odit
461 1409 525 1474 fast
526 1432 579 1493 us,
600 1432 688 1475 nuno
709 1411 856 1495 displicet
876 1411 925 1476 illi
1054 1421 1088 1474 '15

165 1493 387 1577 Quaecumque
409 1495 523 1578 opposi
524 1495 620 1591 test
610 1517 707 1558 ranua
729 1435 807 1560 dupra
828 1517 907 1560 sera.

119 1579 168 1643 At
188 1584 221 1642 te
242 1599 347 1661 poena
367 1581 486 1642 manet
519 1579 554 1642 ni
577 1579 695 1644 desinis
718 1601 787 1644 esse
809 1581 960 1664 superba,

88 1580 120 1752 ii
166 1661 269 1738 Quam
291 1662 399 1745 cupies
420 1662 504 1727 votis
526 1662 611 1726 hune
633 1685 782 1728 revocare
804 1663 903 1728 diemi

550 1875 664 1949 vnn.

121 1997 207 2076 Quid
228 1996 323 2082 mihi,
347 1997 375 2062 si
396 1999 501 2062 fueras
523 1998 656 2062 miseros
678 1999 819 2062 laesurus
842 2021 982 2085 amores,

164 2046 323 2146 Foedera
327 2104 391 2179 per
406 2082 511 2166 divos,
535 2083 617 2174 olam
638 2083 800 2180 violanda,
823 2083 945 2148 dabas?

120 2169 155 2232 A
176 2167 289 2249 miser,
312 2171 345 2230 et
366 2166 464 2250 siquis
486 2167 598 2264 primo
610 2168 750 2251 periuria
771 2169 867 2250 celat,

166 2250 257 2333 Sera,
278 2214 423 2314 tament
409 2252 487 2316 tacit
488 2253 515 2315 is
473 2251 645 2316 tPoena
666 2253 754 2316 venit
775 2217 918 2336 peditius.

117 2335 230 2402 Parcit
231 2355 261 2418 e,
216 2335 450 2400 t:eaelestes
474 2337 671 2419 aequumst
661 2359 782 2419 mpune
802 2337 898 2400 lisere
1070 2348 1088 2400 5

166 2418 310 2483 Numina
330 2418 480 2484 formosis
502 2419 626 2484 laedere
647 2423 752 2484 vestra
777 2421 885 2485 semel.

119 2504 229 2569 Lucra
249 2506 362 2586 petens
383 2502 483 2567 habili
503 2506 611 2568 tauros
634 2505 781 2590 adiungit
802 2508 908 2570 aratro

165 2587 211 2651 Et
231 2586 344 2652 durum
365 2590 469 2652 terrae
490 2589 628 2652 rusticus
649 2593 743 2687 urget
764 2611 860 2674 opus,

116 2673 226 2738 Lucra
245 2671 326 2755 petit
327 2693 400 2736 uras
422 2673 504 2736 freta
524 2695 582 2757 per
602 2673 746 2758 parentia
767 2677 871 2739 ventis
1114 2743 1116 2750 ,

167 2753 329 2820 Ducunt
319 2759 385 2820 mst
370 2757 485 2821 tabiies
507 2758 611 2822 sidera
633 2763 719 2822 certa
739 2762 839 2824 rates:
1056 2771 1088 2820 10

117 2840 310 2906 Muneribus
331 2862 420 2905 meus
443 2844 492 2905 est
513 2846 622 2922 eaptus
643 2865 731 2926 puer.
766 2848 801 2908 at
821 2845 899 2909 deus
920 2845 977 2910 illa

165 2922 254 2988 In
227 2945 366 2990 emerem
388 2929 421 2990 et
441 2926 578 3010 liquidas
599 2949 731 2991 munera
751 2932 856 2992 vertet
877 2951 983 3012 aquas

115 3009 192 3076 Iam
214 3008 293 3073 mihi
313 3011 475 3094 persolvet
494 3031 632 3095 poenas,
654 3011 821 3096 pulvisque
843 3012 990 3076 decorem

164 3091 358 3158 Detrahete
360 3095 499 3159 tuentis
520 3059 650 3160 horrida
670 3097 757 3160 faeta
778 3117 884 3178 coma,

115 3177 241 3243 Vretur
262 3177 377 3261 facies,
400 3181 532 3244 urentur
554 3181 621 3244 sole
644 3181 767 3263 capilli,
1057 3192 1087 3240 ιι

163 3260 300 3326 Deteret
285 3263 478 3328 tinvalidos
501 3268 533 3328 et
553 3264 606 3328 via
627 3265 726 3348 longa
747 3263 853 3346 pedes.

4 3345 5 3420 ἑ
114 3345 286 3414 Admonui
309 3349 489 3430 quotiens
498 3369 574 3412 auro
596 3369 638 3411 ne
659 3347 766 3431 pollue
788 3348 940 3415 formant

165 3429 268 3514 Saepe
291 3431 398 3498 solent
419 3454 495 3497 auro
517 3432 619 3496 multa
641 3431 769 3496 subesse
791 3434 885 3498 mala.

4 3571 5 3592 2
115 3515 252 3582 Divitiis
275 3519 349 3600 capt
350 3539 386 3582 us
408 3518 507 3602 siquis
529 3516 660 3582 violavit
646 3519 837 3603 tamorem,

900 3619 934 3672 ῳ
