2632 4140
1 226 2 229 ,
104 269 170 340 uu
498 263 675 322 11111111.

139 421 329 489 Daedalium
350 422 417 492 liuo
440 447 512 490 cum
535 425 613 490 duce
635 425 718 490 rexit
739 425 814 509 iter,

104 507 224 582 Quanta
246 529 306 592 ego
328 509 638 594 praeteritaccllegi
659 509 776 594 gaudia
796 513 906 576 nocte:

140 590 324 655 Inmortalis
346 614 415 675 erc,
439 593 468 656 si
489 593 588 658 altera
608 593 683 656 talis
705 595 774 658 erit.
1028 606 1060 654 10

103 675 146 739 At
165 674 241 738 dum
263 674 408 740 demissis
431 677 564 760 supplex
586 676 759 742 cervicibus
781 677 884 762 ibam,

124 757 278 823 'Dicebar
300 759 385 825 sicco
407 759 501 824 vilior
522 781 592 824 esse
613 761 692 826 lacu.

102 841 168 908 Nec
189 842 270 917 mihi
291 843 355 908 iam
375 843 478 908 fastus
500 865 662 927 opponere
683 845 807 928 quaerit
827 844 970 928 iniquos,

142 925 210 991 Nec
230 926 311 990 mihi
332 927 472 1010 ploranti
493 927 579 992 lenta
600 928 709 992 sedere
730 931 847 1012 potest.

103 1011 206 1160 Atgue
227 1011 351 1076 utinam
371 1032 439 1076 nou
459 1015 526 1076 tam
548 1033 619 1088 sero
640 1011 720 1076 mihi
740 1015 819 1076 nota
840 1011 954 1076 fiiisset
1027 1022 1060 1072 15

171 1093 311 1160 ondicio!
335 1095 435 1160 cineri
455 1106 541 1160 nuuc
562 1095 720 1160 medicina
743 1095 843 1160 datur.

103 1179 185 1242 Ante
206 1178 303 1274 pedes
326 1179 428 1244 caecis
449 1179 575 1243 lucebat
596 1181 709 1246 semita
729 1179 840 1245 nobis:
870 1207 876 1216 ·

145 1259 272 1326 Scilicet
292 1262 405 1326 insano
427 1283 521 1328 nemo
544 1263 579 1326 in
600 1284 708 1328 amore
729 1263 824 1328 videt.

103 1345 173 1410 Hoc
195 1347 281 1410 sensi
302 1346 452 1430 prodesse
474 1347 590 1432 magis:
614 1348 823 1430 contemnite,
846 1350 1005 1413 amantes:

145 1429 196 1494 Sic
217 1429 312 1494 hodie
334 1431 454 1514 veniet,
477 1431 567 1514 siqua
587 1432 718 1516 negavit
738 1431 816 1496 heri.
1029 1444 1063 1492 20

103 1513 278 1580 Pulsabaut
299 1515 355 1578 alii
375 1513 494 1580 frustra
516 1514 737 1599 dominamque
759 1516 930 1581 vocabant:

145 1595 270 1662 Mecum
291 1597 404 1662 habuit
424 1599 562 1682 positum
588 1599 683 1672 lenta¹
695 1600 803 1695 puella
825 1605 929 1683 caput.

103 1681 190 1746 Haec
211 1681 292 1745 mihi
313 1681 445 1746 devictis
466 1683 573 1766 potior
594 1683 728 1747 victoria
749 1683 890 1766 Parthis,
997 1714 998 1718 ¹

145 1765 232 1830 Haec
248 1765 363 1849 spolia,
385 1765 465 1830 haec
483 1786 589 1850 reges,
612 1765 692 1830 haec
706 1765 786 1830 mihi
801 1788 910 1830 currus
926 1769 1027 1832 eruut.
1159 1827 1162 1829 ,

103 1849 222 1997 Μ1ἸΕ111
244 1870 303 1934 ego
326 1849 411 1914 dona
431 1853 487 1914 tua
507 1850 614 1934 figam,
637 1849 803 1933 Cytherea,
830 1851 986 1934 columna,
1030 1862 1063 1911 25

173 1935 283 2016 aleque
305 1934 363 1996 sub
386 1937 497 1998 nostro
518 1933 649 1999 nomine
670 1954 798 1998 carmen
819 1934 893 1998 erit:

105 2015 187 2084 ‘Has
208 2019 295 2101 pono
317 2021 391 2081 ante
412 2021 484 2082 tuas
505 2017 574 2100 libi,
597 2017 679 2100 diva,
701 2016 885 2102 Propertius
907 2017 1000 2082 aedes

145 2099 293 2184 Exuvias,
316 2105 385 2166 tota
404 2105 500 2166 nocte
521 2104 666 2185 receptus
689 2109 821 2167 amaus?

102 2185 198 2251 Nunc
220 2185 260 2249 ad
281 2189 322 2268 te,
345 2207 417 2250 mea
438 2186 502 2269 lux,
526 2185 635 2250 veniat
655 2207 727 2250 mea
748 2186 856 2251 littore
877 2187 969 2250 navis

147 2269 289 2335 Servata:
313 2291 354 2333 au
374 2269 488 2334 mediis
512 2269 595 2333 sidat
615 2269 755 2334 honusta
775 2271 886 2336 vadis?
1030 2281 1065 2332 80

46 2365 68 2508 p
104 2351 197 2430 Quod
218 2353 246 2418 si
267 2353 350 2418 scite
372 2354 477 2437 aliqua
497 2353 590 2417 nobis
612 2355 775 2418 mutabere
797 2355 905 2440 culpa,

48 2433 56 2509 l,
145 2437 347 2504 Vestibulum
370 2438 490 2502 iaceam
513 2441 657 2502 mortuus
679 2442 754 2504 aute
775 2441 875 2504 tuum.

481 2657 549 2731 111
572 2659 685 2754 [uu.

101 2778 130 2845 Ο
153 2801 203 2844 me
225 2779 364 2846 felicem!
390 2802 409 2845 o
431 2801 496 2844 nox
517 2781 597 2846 mihi
619 2783 761 2866 candida,
784 2787 817 2847 et
838 2804 857 2846 o
878 2792 915 2846 tu

143 2863 273 2928 Lectule
296 2865 417 2930 deliciis
439 2864 523 2929 facte
545 2866 637 2930 beate
658 2868 753 2931 meis!

99 2947 205 3024 Quam
226 2949 327 3013 multa
348 2948 494 3032 adposita
514 2971 679 3014 narramus
701 2946 798 3014 verba
819 2951 963 3032 lucerna,

143 3031 330 3116 Quantaque
352 3033 477 3098 sublato
500 3034 619 3098 lumine
640 3035 709 3098 rixa
729 3033 805 3102 fuit!

93 3115 185 3182 Nam
206 3117 301 3181 modo
323 3117 451 3182 nudatis
472 3122 629 3184 meeumst
649 3117 771 3182 luctata
790 3116 938 3200 papillis,
1045 3127 1066 3181 c
1157 3197 1159 3201 ,

140 3200 308 3266 Interdum
329 3203 439 3266 tunica
460 3202 550 3267 duxit
571 3207 682 3286 operta
702 3223 833 3266 moram.

91 3285 163 3351 Illa
183 3306 272 3351 meos
295 3307 408 3351 somno
429 3286 538 3370 lapsos
558 3287 710 3370 patefecit
731 3285 851 3350 ocellos

141 3367 207 3434 Ore
230 3391 288 3436 suo
311 3375 343 3435 et
364 3371 445 3434 dixit
467 3377 592 3454 ‘sicma
615 3370 710 3450 lente,
733 3369 858 3435 iaces‘l'

90 3455 205 3532 Quam
226 3456 313 3520 vario
336 3455 484 3540 amplexu
504 3458 663 3520 mutamus
684 3453 827 3546 bpachial
852 3425 1009 3538 quantum.

138 3541 262 3610 Oscula
284 3545 358 3608 sunt
379 3541 477 3608 labris
498 3545 610 3608 nocua
629 3543 754 3606 morata
775 3540 853 3606 tuis!
1028 3551 1061 3602 10
