2636 4146
98 229 157 303 uc]
510 231 617 287 urana
637 233 671 290 v.
1002 229 1063 295 105

98 391 189 458 Serta
209 391 383 457 Philetaeis
406 395 528 457 certent
548 393 693 459 Romana
715 397 888 482 corymbis,

138 475 183 540 Et
204 473 384 559 Cyrenaeas
405 498 486 540 urna
507 477 667 544 ministret
688 501 794 564 aquas.

98 560 232 626 Costum
254 559 351 624 molle
374 559 448 625 date
470 563 502 624 et
523 561 633 626 blandi
658 562 738 627 mihi
759 565 839 628 turis
854 563 1001 650 honores,
1044 577 1061 630 t

139 643 263 728 'Perque
284 643 392 709 focum
414 645 498 710 circa
520 645 631 710 laneus
654 648 741 712 orbis
764 651 824 712 eat.

98 727 245 812 Spargite
267 749 318 792 me
340 727 490 826 lymphis,
514 749 703 814 carmenque
724 731 906 798 recentibus
929 733 992 797 aris

4 873 5 880 ,
140 811 233 876 'libia
254 811 439 898 Mygdonns
461 813 541 878 libet
563 814 683 879 eburna
704 816 800 880 cadis.

97 895 145 960 Ite
167 896 279 979 procul
300 895 437 979 fraudes,
460 897 523 961 alio
546 898 612 962 sint
633 920 704 963 aere
726 921 843 964 noxae:

4 965 5 998 ³
139 979 224 1044 Pura
244 1001 363 1044 novum
385 982 451 1046 vati
472 981 579 1046 laurea
600 983 705 1046 mollit
725 985 794 1047 iter.
1029 998 1062 1046 10

4 1125 6 1146 ζ
97 1063 199 1147 Musa,
221 1063 361 1129 Palatini
382 1063 554 1130 referemus
576 1066 739 1150 Apollinis
762 1067 887 1133 aedem:

139 1147 202 1213 Res
226 1151 283 1230 est,
307 1145 460 1234 Calliope,
483 1149 582 1235 digna
602 1151 714 1214 favore
735 1153 801 1215 tuo.

99 1230 243 1297 Caesaris
264 1232 300 1296 in
320 1253 440 1297 nomen
461 1232 620 1299 ducuntur
642 1235 797 1300 carmina:
820 1233 935 1301 Caesar

139 1315 225 1380 Dum
247 1315 387 1400 canitur,
410 1315 542 1402 quaeso,
564 1317 710 1403 Iuppiter
730 1320 799 1404 ipse
820 1339 922 1385 vaces.

97 1399 158 1465 Est
177 1399 301 1464 Phoebi
322 1399 450 1485 fugiens
471 1401 653 1467 Athamana
675 1403 716 1468 ad
736 1403 831 1468 litora
852 1411 973 1488 portus,
1028 1417 1060 1468 16

139 1483 209 1560 Qua
231 1484 320 1548 sinus
342 1482 453 1549 Ioniae
474 1505 635 1552 murmura
657 1487 767 1553 condit
787 1509 898 1574 aquae,

98 1569 193 1633 Aetia
213 1566 320 1632 Iuleae
342 1569 474 1654 pelagus
496 1573 694 1636 monimenta
716 1573 857 1655 carinae,

141 1651 318 1716 Nautaurm
340 1653 423 1717 votis
444 1675 510 1717 non
532 1675 666 1738 operosa
686 1656 747 1720 via.

97 1735 170 1800 Huc
191 1736 302 1800 mundi
324 1737 428 1802 coiere
448 1759 578 1802 manus:
602 1739 692 1802 stetit
713 1759 848 1822 aequore
869 1739 970 1804 moles

139 1819 247 1900 Pinea,
270 1842 329 1886 nec
350 1822 447 1886 remis
469 1843 568 1905 aequa
589 1821 717 1886 favebat
738 1823 814 1886 avis.
1027 1837 1061 1886 ao

97 1904 209 1968 Altera
232 1905 340 1970 classis
363 1908 431 1971 erat
448 1905 571 1971 Teucro
593 1906 743 1972 damnata
765 1905 907 1992 Quirino,

138 1988 271 2074 Pilaque
293 1989 429 2054 feminac
451 1990 587 2074 turpiter
608 1993 683 2076 apta
704 2011 815 2055 manu:

97 2071 182 2137 Hinc
203 2075 350 2158 Augusta
370 2074 447 2138 ratis
468 2074 573 2158 plenis
594 2074 680 2140 Iovis
703 2077 808 2140 omine
829 2075 908 2140 velis

141 2155 174 2220 Si
222 2179 302 2241 aque
323 2158 387 2222 iam
409 2159 531 2242 patriae
553 2160 680 2225 vincere
702 2159 796 2224 docta
818 2181 901 2225 suae.

96 2179 240 2307 Tanrlenm
261 2242 344 2306 acies
390 2243 512 2308 emines
533 2243 656 2310 Nereus
677 2243 804 2309 lunarat
819 2245 859 2308 in
881 2265 982 2325 arcus,
1025 2258 1058 2308 25

138 2325 311 2390 Armorum
331 2263 429 2399 taliis
450 2327 537 2410 picta
556 2328 714 2392 tremebat
735 2349 830 2411 aqua,

95 2409 178 2476 Oum
199 2408 348 2474 Phoebus
369 2410 518 2494 linquens
540 2414 678 2476 stantem
700 2433 734 2475 se
755 2411 880 2476 vindice
902 2412 1007 2477 Delon

141 2492 239 2577 (Nam
260 2494 336 2558 tulit
356 2494 455 2558 iratos
476 2495 605 2560 mobilis
626 2516 691 2559 una
712 2493 830 2580 Notos)

93 2578 210 2644 Astitr't
230 2579 369 2663 Augusti
389 2580 522 2662 puppim
545 2601 654 2677 super,
676 2583 709 2643 et
729 2601 814 2644 nova
833 2579 962 2644 flamma
1037 2622 1039 2626 ψ

136 2660 236 2726 Luxit
256 2662 291 2727 in
313 2662 474 2746 obliquam
495 2667 545 2728 ter
566 2668 691 2730 sinuata
711 2665 822 2729 facem.
1026 2679 1059 2730 30

94 2745 174 2811 Non
195 2745 250 2810 ille
272 2745 422 2811 attulerat
444 2748 547 2812 crines
569 2750 604 2812 in
626 2749 710 2814 colla
731 2749 852 2814 solutes

137 2830 191 2893 Ad
211 2830 409 2915 testudineae
431 2851 558 2896 carmen
578 2833 699 2896 inerme
721 2833 817 2916 lyrae,

93 2913 159 2980 Sed
181 2914 267 2998 quali
290 2917 414 2999 aspexit
428 2913 601 2999 Pelopeum
622 2917 866 3001 Agamemnona
887 2917 984 3000 voltu,

137 2997 330 3083 Egessitque
352 2998 453 3064 avidis
474 2998 592 3063 Dorica
613 3003 717 3064 castra
737 3001 835 3085 rogis,

92 3084 165 3145 Aut
186 3082 288 3165 qualis
310 3083 409 3147 flexos
432 3083 528 3148 solvit
549 3083 696 3167 Pythona
716 3105 774 3168 per
796 3085 887 3148 orbes
1024 3097 1059 3147 aa

139 3163 343 3250 Serpentem,
366 3167 500 3232 inbelles
523 3189 618 3252 quom
638 3171 765 3232 tacuere
787 3169 883 3251 lyrae.

91 3249 173 3313 Mox
195 3249 240 3314 ait
263 3257 295 3314 ‘o
316 3251 415 3335 longa
436 3252 546 3316 mundi
568 3255 710 3316 servator
732 3252 771 3322 ab
793 3253 886 3337 Alba,

6 3401 8 3428 ,
137 3332 294 3418 Auguste,
317 3333 485 3399 Hectoreis
507 3337 634 3420 cognite
655 3336 758 3400 maior
779 3337 856 3420 avis,

91 3419 199 3484 Vince
220 3419 314 3484 mari:
337 3420 401 3483 iam
423 3423 508 3483 terra
528 3423 629 3483 tuest:
651 3420 712 3485 tibi
733 3420 850 3484 militat
873 3439 973 3505 arcus,

136 3501 183 3568 Et
203 3502 289 3567 favet
311 3525 348 3568 ex
370 3503 487 3569 umeris
509 3503 571 3569 boc
592 3524 673 3570 onus
696 3525 790 3570 omne
812 3505 901 3572 meis.
1024 3514 1058 3564 40
