2632 4140
7 149 10 278 t
84 211 122 286 a]
469 215 646 274 urens-111.
994 213 1036 279 35
1160 207 1162 211 ’

119 375 179 452 Qui
202 380 298 460 caput
319 379 353 440 et
373 376 492 462 digitos
514 381 547 442 et
567 378 688 442 lumina
708 379 802 464 nigra
822 379 946 462 puellae

159 458 204 524 nt
226 463 321 524 canat
341 463 378 524 ut
399 461 524 526 soleant
543 463 683 526 molliter
704 462 750 527 ire
770 463 876 546 pedes.

441 674 513 747 llll
540 675 667 770 [XHIJ.
1182 759 1190 783 s
1233 771 1249 786 Μ
1304 698 1306 790 l

117 797 193 863 Non
214 801 265 861 tot
286 796 510 862 Achaemeniis
532 803 694 864 armantur
716 799 796 865 Susa
817 801 957 886 sagittis,
975 799 978 867 ἶ
1000 779 1033 844 s
1098 795 1114 836 ³·
1142 774 1160 838 ‘¹¹
1183 781 1258 821 ‘ii'

160 881 290 965 Spicula
311 885 390 966 quot
409 884 520 946 nostro
541 885 670 966 pectore
691 884 763 948 fixit
783 884 893 950 Amor.
988 918 991 928 ·
1300 871 1306 924 i

117 965 181 1029 Hic-
202 987 253 1030 me
275 967 342 1030 tam
364 967 502 1050 graciles
522 967 625 1032 vetuit
645 970 848 1033 contemnere
869 967 993 1054 Musas,

158 1049 257 1114 Iussit
278 1052 311 1113 et
332 1050 507 1116 Ascraeum
529 1051 575 1114 sic
596 1049 739 1116 habitare
760 1071 872 1118 nemus
878 1101 887 1134 ,

115 1132 192 1199 Non
213 1136 250 1197 ut
270 1131 393 1198 Pieriae
414 1155 548 1218 quercus
569 1156 640 1199 mea
661 1135 758 1200 verba
779 1138 964 1220 sequantur,
1018 1147 1034 1198 5

158 1219 225 1281 Aut
245 1217 367 1302 possim
388 1217 523 1282 Ismaria
543 1218 657 1283 ducere
679 1220 760 1284 valle
782 1221 882 1302 ieras,

117 1301 179 1366 Sed
200 1302 303 1387 magis
325 1305 362 1366 ut
381 1305 492 1366 nostro
515 1303 664 1388 stupefiat
685 1302 824 1387 Cynthia
844 1326 951 1368 versu:

159 1385 249 1450 Tunc
271 1407 331 1471 ego
355 1386 415 1458 sim
436 1385 569 1452 Inachio
591 1387 700 1452 notior
721 1391 789 1452 arte
810 1387 901 1452 Lino.

115 1469 193 1535 Non
215 1491 274 1555 ego
297 1491 368 1534 sum
389 1471 511 1535 formae
532 1473 658 1536 tantum
679 1471 811 1537 mirator
831 1471 1000 1556 honestae,

158 1553 227 1618 Nee
249 1554 341 1637 siqua
362 1554 511 1620 inlustres
533 1555 654 1620 femina
674 1556 772 1620 iactat
793 1577 884 1620 avos:
1003 1569 1038 1619 ιο

115 1637 169 1702 Me
190 1637 277 1702 iuvet
297 1639 333 1702 in
353 1639 476 1723 gremio
499 1637 611 1703 doctae
632 1640 749 1724 legisse
771 1641 911 1724 puellae,
951 1658 957 1717 i

158 1721 298 1786 Auribus
321 1725 354 1786 et
373 1723 461 1820 puris
483 1723 602 1807 scripte
622 1723 774 1806 probasse
796 1745 878 1787 mea.
955 1726 959 1760 ’·

116 1805 206 1870 Haec
226 1805 282 1870 ubi
304 1806 513 1892 contigerint,
535 1807 647 1890 populi
668 1807 801 1871 confusa
822 1807 928 1871 valeto

158 1888 294 1954 Fabula:
317 1912 393 1954 nam
415 1890 545 1954 domina
565 1889 668 1954 iudice
689 1893 779 1954 tutus
802 1911 866 1953 ero.

116 1973 204 2050 Quae
227 1973 255 2038 si
275 1973 359 2038 forte
381 1973 481 2039 bonas
504 1974 544 2039 ad
565 1995 677 2058 pacem
699 1974 828 2038 verterit
849 1996 959 2057 aures,
1003 1987 1037 2037 15

159 2057 295 2122 Possum
317 2058 502 2143 inimicitias
523 2063 600 2123 tunc
622 2080 682 2146 ego
705 2058 788 2124 ferre
809 2057 904 2125 Iovis.

480 2197 633 2210 chuno—ua·—

535 2273 578 2348 V.

8 2439 9 2460 ,
115 2396 387 2480 Quandocumque
398 2396 498 2481 igitur
508 2398 637 2460 nostros
647 2395 872 2462 mors'clandet
882 2397 1015 2481 ocellos,

8 2549 9 2552 ,
158 2481 279 2564 Accipe
301 2501 381 2564 quae
404 2501 510 2545 serves
531 2479 652 2546 funeris
674 2482 745 2544 acta
766 2481 838 2546 mei.

9 2617 10 2640 ,
113 2563 186 2629 Nec
206 2586 278 2630 mea
298 2567 376 2629 tunc
396 2565 496 2663 longa
517 2563 672 2648 spatietur
692 2564 832 2649 imagine
853 2585 985 2649 pompa,

157 2647 228 2714 Nec
249 2648 328 2712 tuba
349 2649 392 2712 sit
411 2647 474 2714 intr
492 2669 576 2714 vana
596 2648 725 2732 querela
745 2649 824 2732 mei,
1002 2662 1036 2711 20

85 2731 188 2797 sNec
210 2731 290 2796 mihi
310 2735 388 2797 tunc
409 2732 513 2798 fulcro
535 2735 695 2797 sternatur
716 2733 817 2798 lectus
839 2733 974 2816 eburno,

159 2815 230 2880 Nec
252 2817 295 2880 sit
316 2815 351 2880 in
372 2816 513 2881 Attalico
536 2837 622 2880 mors
643 2838 716 2880 mea
735 2817 811 2881 nixa
831 2819 912 2882 toro.

112 2899 211 2964 Desit
233 2899 401 2964 odoriferis
424 2899 501 2964 ordo
523 2898 603 2963 mihi
625 2899 784 2984 lancibus,
809 2899 916 2964 adsint

158 2983 270 3048 Plebei
291 3005 407 3068 parvae
428 2982 549 3048 timeris
572 2983 731 3066 exequiae.

113 3067 175 3133 Sat
189 3089 262 3132 mea
276 3071 326 3132 sat
339 3071 502 3153 magnast,
518 3067 546 3132 si
560 3069 626 3132 tres
641 3067 707 3140 sint
719 3087 839 3151 pompa
851 3067 962 3150 libelli,
1003 3080 1037 3130 25

71 3166 102 3212 ro
162 3151 251 3227 Quos
274 3173 334 3237 ego
356 3151 579 3236 Persephonae
600 3151 738 3215 maxima
759 3150 843 3214 dona
863 3149 973 3216 feram.

111 3236 165 3302 ru
187 3255 263 3300 vcro
284 3235 405 3302 nudum
426 3239 538 3320 pectus
559 3235 697 3300 lacerata
717 3234 871 3318 sequeris,

157 3319 193 3386 N
194 3341 230 3384 ec
251 3319 350 3384 fueris
371 3341 491 3384 nomen
511 3318 596 3383 lassa
616 3339 728 3383 vocare
749 3338 869 3402 meum,

111 3403 298 3486 Osculaque
320 3403 355 3468 in
376 3403 490 3488 gelidis
512 3423 612 3487 pones
635 3423 783 3486 suprema
802 3402 942 3490 labellis,

158 3487 243 3553 Cum
265 3487 391 3552 dabitur
413 3487 505 3572 Syrio
526 3507 657 3552 munere
678 3485 791 3571 plenus
814 3508 908 3572 onyx.
1004 3501 1038 3550 ao

874 3590 887 3620 ἰ

854 3595 869 3642 3
