2636 4146
256 207 299 273 90
645 210 839 267 raoraaru
1003 177 1007 186 '
1113 207 1237 276 [xxm.

363 371 500 460 Vulgari
521 373 606 438 buxo
629 372 756 437 sordida
778 346 850 436 cera
870 370 941 434 fuit.
969 411 971 416 ·

322 457 573 542 Qualescumque
595 457 675 522 mihi
697 477 822 540 semper
842 475 989 520 mansere
1010 452 1140 537 fideles,

273 553 306 604 10
363 541 495 628 Semper
516 545 549 605 et
571 541 701 606 effectus
722 559 924 624 promeruere
946 537 1058 602 bonos.

321 623 470 691 Forsitan
491 625 570 690 haec
591 625 655 689 illis
677 625 798 688 fuerint
817 621 968 686 mandata
988 621 1133 686 tabellis:

1304 979 1305 1030 l

365 709 519 794 ‘Irascor‚
542 707 719 806 quoniam's
741 709 841 790 lente,
863 710 1004 770 moratus
1025 703 1104 768 heri.

321 795 374 860 An
396 793 457 857 tibi
478 813 669 876 nescioquas
689 793 790 856 visast
809 790 1001 854 formosior?
1024 810 1067 852 an
1087 792 1125 850 tu

365 876 441 942 Non
462 877 544 940 bene
565 877 604 940 de
625 875 719 940 nobis
742 875 876 940 crimina
896 875 971 938 ficta
991 871 1109 937 iacis‘l’

276 975 307 1024 15
322 962 390 1026 Aut
410 961 504 1026 dixti:
528 961 646 1024 ‘venies
668 959 778 1044 hodie,
802 959 995 1023 cessabimus
1015 977 1093 1020 una:

364 1045 549 1130 Hospitium
571 1047 639 1108 tota
661 1047 755 1108 nocte
776 1043 903 1127 parabit
924 1044 1050 1122 Amor,’

323 1129 369 1194 Et
389 1149 603 1212 quaecumque
623 1129 733 1192 volens
755 1129 874 1211 reperit
893 1147 961 1190 non
982 1126 1079 1190 stulta
1099 1125 1231 1209 puella,

366 1213 500 1278 Garrula
521 1234 592 1277 cum
614 1211 740 1276 blandis
762 1211 877 1276 dicitur
901 1210 981 1274 hora
1002 1209 1093 1274 dolie.
1304 1267 1305 1312 p

323 1297 377 1362 Mc
398 1298 548 1362 miserum
585 1295 635 1360 his
658 1295 771 1378 aliquis
792 1297 950 1360 rationem
977 1293 1088 1358 scribit
1109 1314 1230 1358 avarus
1304 1313 1305 1394 l

274 1394 308 1444 20
364 1379 408 1446 Ill
428 1381 522 1465 ponit
543 1345 637 1443 duras
658 1380 743 1444 inter
765 1379 993 1463 ephemeridas.

324 1463 408 1540 Quas
431 1464 530 1547 siquis
552 1463 631 1528 mihi
652 1463 825 1546 rettulerit,
850 1463 1020 1528 donabitur
1041 1481 1129 1526 auro.

366 1547 444 1624 Quis
466 1569 524 1632 pro
547 1547 666 1612 divitiis
688 1547 777 1632 ligna
798 1549 924 1612 retenta
945 1545 1042 1610 velit?

323 1631 341 1698 1
360 1653 453 1716 puer,
476 1635 509 1696 εὴ
530 1632 612 1696 citus
633 1631 712 1696 baec
733 1631 839 1715 aliqua
859 1652 918 1715 pro
942 1651 1002 1708 one
1025 1629 1191 1714 columna,

366 1716 411 1780 ut
431 1715 595 1780 dominum
616 1715 769 1799 Esquiliis
792 1715 894 1780 scribe
915 1653 1059 1779 liabitare
1079 1717 1183 1780 tuum.

666 1854 817 1864 ...-

666 1929 816 2004 ΧΧΠΠ.

325 2053 452 2120 Falsast
471 2054 533 2117 ista
554 2055 644 2136 tuae,
666 2052 792 2136 mulier,
814 2051 929 2116 fiducia
950 2051 1086 2134 formae,

370 2137 456 2202 Olim
477 2137 578 2201 oculis
599 2137 734 2201 nimium
755 2137 840 2201 facta
861 2137 997 2220 superba
1017 2137 1106 2200 meis.

325 2219 445 2286 Noster
466 2241 555 2284 amor
574 2221 655 2284 tales
675 2221 789 2284 tribuit
809 2221 884 2303 tibi,
907 2219 1061 2304 Cynthia,
1084 2216 1214 2285 laudesr

337 2361 340 2364 .
369 2303 523 2368 Versibus
544 2305 705 2390 insignem
724 2308 758 2368 te
779 2305 878 2388 pudet
898 2326 967 2368 esse
987 2305 1077 2368 meis.
1259 2307 1262 2314 '

206 2439 211 2448 .
298 2387 465 2452 oMirtam
485 2392 518 2453 te
537 2389 625 2452 varia
645 2387 771 2452 laudavi
792 2410 885 2473 saepe
904 2389 1021 2473 figura,

369 2471 430 2552 Vt,
452 2472 537 2556 quod
558 2494 625 2537 non
647 2494 748 2556 esses,
771 2494 841 2538 esse
861 2477 990 2558 putaret
1011 2493 1118 2555 amor,

326 2555 371 2621 Et
392 2557 480 2621 color
501 2560 551 2620 est
570 2557 689 2620 totiens
710 2578 802 2622 roseo
825 2559 958 2622 collatus
979 2557 1065 2639 Eoo,

370 2639 451 2706 Cum
474 2641 533 2704 tibi
554 2641 715 2724 quaesitus
737 2642 856 2706 candor
876 2643 911 2706 in
932 2662 987 2705 ore
1008 2642 1105 2704 foret:

328 2724 421 2800 Quod
441 2724 521 2788 mihi
541 2745 609 2788 non
630 2725 726 2808 patrii
746 2729 895 2810 poterant
916 2729 1058 2789 avertere
1079 2723 1193 2807 amici,

280 2823 315 2872 ro
369 2807 486 2872 Eluere
507 2812 564 2872 aut
583 2813 674 2873 vasto
695 2809 849 2874 Thessala
869 2831 946 2895 saga
966 2810 1056 2873 mari

327 2891 417 2957 Haec
439 2913 513 2979 ego,
535 2914 602 2958 non
624 2893 725 2976 ferro,
746 2915 814 2958 non
835 2895 910 2979 igne
932 2897 1074 2974 coactus,
1102 2892 1233 2976 etipsa

368 2976 553 3062 Naufragus
574 2980 604 3040 A
665 2998 703 3041 ea
723 3000 798 3042 vera
817 2978 942 3043 fatebar
963 2999 1054 3061 aqua.

327 3059 500 3146 Correptus
523 3083 615 3126 saevo
669 3063 771 3126 enoris
791 3064 937 3127 torrebar
958 3061 1078 3126 aheno:

315 3227 318 3236 ‘
370 3145 507 3210 Vinctus
528 3167 616 3209 eram
636 3167 744 3210 versas
766 3148 800 3210 in
821 3169 894 3212 mea
913 3153 1005 3230 terga
1025 3165 1150 3209 manus.

279 3229 412 3315 ro'Ecce
434 3231 604 3295 coronatae
626 3234 754 3314 portum
775 3233 910 3316 tetigere
932 3231 1074 3311 carinae,

313 3323 318 3395 ,ξ
370 3313 535 3378 Traiectae
557 3314 680 3398 Syrtes,
704 3335 821 3380 ancora
841 3317 925 3380 iacta
945 3313 1066 3378 mihist.

313 3398 423 3478 {Nunc
445 3397 571 3461 demum
592 3402 683 3462 vasto
704 3400 782 3462 fessi
801 3399 1017 3484 resipiscimus
1039 3401 1147 3482 aestu,

314 3486 317 3524 ³
371 3481 573 3566 volneraque
594 3483 634 3546 ad
655 3504 769 3546 sanum
789 3505 876 3549 nunc
898 3483 1001 3548 coiere
1021 3502 1103 3546 mea
