2632 4140
647 193 841 254 morsare
1166 194 1229 265 [xi.

609 387 661 460 xl
688 382 869 480 [xviim]

326 509 422 578 Nunc
444 511 540 576 etiem
560 509 698 574 infectos
720 508 849 572 demens
871 505 996 572 imitare
1010 505 1207 591 Britannos,

369 594 466 659 Ludis
487 598 521 658 et
541 595 671 657 externo
692 592 795 656 tincta
815 591 920 656 nitore
942 591 1058 675 caput?

327 676 373 743 Vt
392 681 506 741 natura
526 675 628 759 dedit,
652 677 698 740 sio
719 675 823 740 omnis
843 678 931 740 recte
950 675 1096 759 figmast:
1194 691 1227 738 25

370 761 485 845 Turpis
506 759 651 826 Romano
673 759 823 844 Belgicus
845 779 901 823 ore
923 759 1018 824 color.

299 844 385 910 sllh·
406 845 464 909 sub
485 844 580 908 terris
600 843 680 908 fiant
699 842 785 908 mala
805 843 906 907 multa
926 843 1063 926 puellae,

370 928 456 1004 Quae
477 928 612 992 mentita
633 949 705 992 sues
726 927 823 991 vertit
842 927 951 1010 inepte
971 933 1087 992 comas.

326 1010 376 1078 De
397 1034 463 1096 me,
485 1012 531 1078 mi
552 1015 636 1076 certe
657 1011 776 1095 poteris
797 1011 937 1074 formosa
955 1010 1067 1094 videri,

369 1095 417 1160 Mi
437 1096 578 1160 formosa
599 1099 648 1160 sat
669 1117 703 1160 es
740 1094 884 1158 simodo
906 1115 999 1177 saepe
1021 1093 1118 1160 venis.
1193 1110 1228 1160 30

327 1179 381 1243 An
403 1180 431 1244 si
452 1180 595 1244 caeruleo
618 1143 771 1262 quaedem
793 1200 851 1242 sua
870 1182 1015 1262 tempora
1035 1178 1107 1242 fuco

279 1275 312 1325 ιο
368 1262 527 1345 Tinxerit,
549 1263 667 1328 idcirco
689 1262 814 1328 caerula
835 1262 938 1326 forme
958 1261 1094 1325 bonast?

327 1345 409 1411 Cum
429 1346 490 1410 tibi
509 1367 569 1412 nec
590 1345 689 1410 frater
709 1366 768 1411 nee
791 1347 833 1410 sit
853 1345 913 1411 tibi
933 1345 1018 1409 filius
1038 1343 1137 1429 ullus,

369 1429 480 1494 Frater
501 1451 562 1516 ego
584 1433 617 1494 et
636 1430 697 1494 tibi
718 1430 779 1494 sim
800 1429 884 1494 filius
905 1451 987 1493 unus
1009 1449 1079 1514 ego.

327 1512 401 1597 Ipse
421 1515 495 1578 tuus
517 1535 642 1598 semper
662 1513 722 1578 tibi
744 1513 787 1577 sit
808 1513 952 1578 custodia
971 1513 1088 1596 lectus,
1167 1530 1227 1600 ,30

369 1595 401 1662 Ν
403 1618 438 1662 ec
458 1597 554 1662 nimis
577 1599 690 1662 ornata
710 1597 816 1662 fronte
838 1597 945 1662 sedere
966 1597 1054 1661 velis.
1300 1657 1301 1670 2

279 1693 312 1746 15
327 1679 463 1747 Credam
484 1702 545 1766 ego
566 1681 724 1764 narranti,
746 1682 814 1746 noli
836 1681 1037 1763 conmittere,
1059 1680 1178 1748 famae:

369 1763 414 1832 Et
434 1768 552 1830 temam
572 1787 681 1830 rumor
701 1765 842 1858 transilit
863 1768 895 1829 et
915 1765 1025 1830 maria.

667 1905 818 1912 -—.—---

608 1995 879 2090 xusxvrrm
1302 2048 1303 2142 ,

325 2117 399 2184 Etsi
419 2139 470 2183 me
492 2119 592 2183 invito
615 2118 765 2202 discedis,
787 2117 941 2202 Cynthia,
963 2113 1091 2204 Roma,

368 2201 484 2266 Laetor
505 2201 590 2286 quod
611 2201 679 2266 sine
700 2223 751 2266 me
773 2201 865 2268 devia
885 2223 958 2268 rura
979 2203 1073 2268 coles.

326 2282 443 2350 Nullus
465 2285 527 2350 erit
546 2286 641 2351 castis
662 2285 786 2352 iuvenis
809 2289 973 2370 corruptor
994 2287 1028 2350 in
1053 2287 1159 2372 agris,
1197 2325 1204 2366 ς

372 2368 432 2444 Qui
453 2373 485 2434 te
507 2369 670 2434 blanditiis
691 2391 758 2435 non
779 2369 864 2434 sinet
885 2391 952 2434 esse
973 2369 1121 2454 probam,
1201 2376 1203 2448 ζ

299 2451 428 2516 tNulla
447 2475 550 2536 neque
571 2457 646 2518 ante
666 2457 737 2518 tuas
759 2454 878 2518 orietur
898 2454 967 2518 rixa
988 2454 1162 2534 fenestras,
1200 2449 1204 2533 ’ξ

368 2535 438 2602 Nec
458 2537 518 2600 tibi
539 2538 692 2602 clamatae
713 2558 842 2602 somnus
864 2559 989 2602 amarus
1010 2538 1079 2602 erit.
1201 2537 1205 2599 ἑ

327 2619 403 2685 Sola
424 2621 484 2685 eris
506 2624 539 2684 et
559 2622 645 2686 solos
668 2621 841 2705 spectabis,
865 2619 1016 2705 Cynthia,
1038 2626 1168 2712 montes
1200 2610 1203 2672 ἶ

368 2703 413 2769 Et
432 2724 528 2788 pecus
550 2707 582 2768 et
602 2705 681 2770 fines
702 2706 851 2790 pauperis
872 2705 1040 2790 agricolae.
1198 2743 1202 2801 ἱ

326 2787 399 2853 Illic
419 2789 452 2852 te
471 2787 552 2852 nulli
572 2791 723 2872 poterunt
745 2811 945 2873 corrumpere
967 2789 1033 2856 ludi

279 2887 311 2936 ιο
367 2871 515 2956 anaqu'e
535 2873 673 2956 peccatis
694 2873 833 2958 plurima
854 2895 949 2938 causa
968 2875 1049 2940 tuis:

326 2955 397 3021 Illic
419 2955 550 3021 adsidue
570 2960 679 3022 tauros
701 2957 858 3042 spectabis
881 2960 1007 3024 erentes

367 3039 412 3105 m
431 3040 529 3105 vitem
549 3040 642 3106 docta
662 3061 781 3124 ponere
801 3041 883 3106 falce
905 3063 1025 3126 comas,

325 3127 357 3190 A
392 3145 432 3189 ue
452 3123 498 3188 ibi
518 3145 590 3189 rara
610 3124 693 3190 feres
714 3125 835 3190 inculto
856 3130 929 3190 tura
950 3126 1083 3208 sacello,

401 3207 496 3273 sedus
516 3207 571 3273 ubi
593 3213 734 3293 agrestes
756 3212 882 3275 corruet
902 3213 976 3275 ante
996 3211 1103 3294 focos,

278 3307 310 3356 10
324 3291 474 3358 Protinus
497 3295 529 3356 et
548 3292 634 3356 nuda
655 3291 786 3358 choreas
808 3293 972 3359 imitabere
994 3316 1082 3380 sura,

368 3375 485 3442 Omnia
505 3375 545 3440 ab
567 3379 698 3441 externo
720 3377 788 3442 sint
806 3376 902 3442 modo
923 3381 993 3442 tuta
1013 3377 1092 3442 viro.

325 3460 400 3547 Ipse
422 3479 482 3544 ego
503 3460 657 3527 venabor:
679 3461 742 3526 iem
763 3481 850 3526 nunc
871 3485 922 3527 me
944 3483 1033 3528 sacra
1054 3462 1188 3538 Dianae
