2632 4140
79 244 178 316 nni]
489 241 596 298 omna
617 242 639 299 1.

510 429 607 504 XXI.

78 557 144 640 Tu,
169 555 223 639 qui
245 555 428 619 consortem
448 574 600 637 properas
623 553 754 619 evadere
776 575 900 639 casum,

121 639 232 716 Miles,
255 638 295 702 ab
317 637 463 702 Etruscis
485 637 609 702 saueius
631 639 817 724 aggeribus,

79 724 142 800 Qui
162 725 274 788 nostro
296 722 419 806 gemitu
439 721 602 806 turgentia
622 721 743 786 lumine
764 725 910 806 torques,

121 807 201 872 Pars
224 827 285 891 ego
308 827 379 870 sum
399 806 523 870 vestrae
543 805 689 890 proxima
710 805 854 870 militiae.

1 876 8 903 ⁸
79 891 135 958 Sio
155 894 188 956 te
210 892 351 973 servato,
374 891 410 953 ut
430 888 557 973 possint
577 889 714 986 gaudere
735 893 899 987 parentes,
1025 902 1042 952 5

120 974 192 1042 Neo
213 995 305 1039 soror
326 975 398 1038 aeta
418 973 482 1038 tuis
505 975 621 1037 sent1at
643 995 660 1038 e
683 974 839 1038 laorim1s:

79 1059 209 1126 Gallum
230 1079 288 1143 per
308 1055 431 1122 medios
452 1059 598 1140 ereptum
619 1055 763 1122 Caesaris
786 1078 878 1122 enses

121 1142 274 1228 Effugere
295 1141 425 1226 ignotas
447 1161 515 1204 non
535 1141 678 1226 potuisse
699 1162 829 1220 manus,
919 1167 920 1170 ¹

79 1226 125 1293 Et
147 1246 363 1374 quaeoumrhe
385 1245 480 1322 super
502 1223 645 1308 dispersa
666 1225 824 1292 invenerit
845 1245 917 1290 ossa

122 1311 288 1376 Montibus
339 1311 471 1392 trusors,
493 1307 572 1373 haee
595 1309 675 1374 soiat
696 1330 765 1376 esse
786 1329 866 1373 mea.
1011 1323 1044 1371 ro

485 1438 638 1450 -υ-ι--υ--σ

506 1523 621 1598 XXII.

78 1647 192 1725 Qualis
207 1649 240 1712 at
253 1645 337 1712 unde
351 1667 468 1730 genus,
485 1645 540 1730 qui
555 1645 621 1712 sint
634 1644 729 1728 milri,
745 1643 851 1729 Tulle,
866 1643 1017 1729 Penates,

123 1731 257 1807 Quaeris
278 1751 338 1816 pro
360 1732 472 1797 nostra
494 1749 619 1813 semper
641 1729 788 1796 amicitia.
969 1791 973 1794 ,

79 1816 115 1882 Si
133 1815 289 1882 Perusina
309 1815 370 1878 tibi
391 1813 514 1898 patriae
536 1815 612 1878 sunt
632 1815 711 1878 nota
731 1812 892 1898 sepulcra,

1 1909 5 1940 ²
123 1898 238 1965 Italiae
260 1899 347 1966 duris
368 1898 482 1963 funera
503 1896 716 1981 temporibus,

80 1983 166 2050 (lum
187 1982 334 2050 Romana
355 2002 430 2048 suos
452 1981 520 2067 egit
541 1979 699 2046 discordia
720 1979 805 2044 aives
1029 1991 1045 2039 o

125 2065 210 2154 (Sia,
232 2066 312 2132 mihi
332 2066 515 2150 praecipue,
536 2064 641 2150 pulvis
662 2062 814 2148 nauca,
836 2061 941 2144 dolor,

81 2151 134 2218 Tu
155 2151 298 2236 proiecta
318 2149 382 2216 mei
402 2171 554 2247 perpessa
576 2171 609 2214 es
631 2147 775 2218 membra
794 2147 982 2232 propinqui,

123 2235 176 2302 Tu
195 2235 286 2306 nullo
308 2235 419 2304 misen
441 2233 586 2318 contegis
609 2253 682 2298 ossa
702 2233 798 2318 solo),

2 2357 3 2376 2
78 2319 234 2386 Proxima
256 2318 421 2416 supposito
444 2317 635 2402 contingens
656 2315 791 2384 Vmbria
813 2335 925 2399 eampo

2 2405 3 2414 ’
123 2403 181 2473 Me
201 2405 315 2492 genart
335 2401 429 2467 terris
450 2400 566 2469 fertilis
588 2399 748 2468 uberibus.
978 2474 980 2480 ‚
1014 2408 1048 2460 ro
