2666 4138
127 199 175 270 X.]
534 199 643 256 LIBER
663 201 685 258 Ι.
1058 198 1100 265 23

126 361 258 427 Interea
279 359 347 425 Pax
369 381 445 425 arva
467 361 561 425 eolat.
592 359 659 426 Pax
682 363 815 427 eandida
836 363 975 448 primum
1065 376 1099 427 45

171 445 274 509 Duxit
295 447 439 509 araturos
462 445 521 508 sub
542 445 619 530 iuga
641 445 748 529 panda
769 448 882 531 boves,

125 529 197 594 Pax
218 529 298 594 aluit
319 528 399 592 vites
422 532 455 593 et
477 549 569 593 sucos
593 529 735 596 condidit
756 553 849 615 uvae,

173 611 335 677 Funderet
356 615 393 676 ut
413 616 490 677 nato
512 615 596 676 testa
617 617 751 697 paterna
772 638 910 681 merum:

129 695 214 762 Pace
236 696 350 760 bidens
372 717 541 780 vomerque
563 697 689 782 vigent,
712 702 746 762 at
766 700 872 763 tristia
894 699 964 765 duri

172 780 287 845 Militis
309 781 344 843 in
365 781 506 845 tenebris
528 786 663 865 occupet
684 804 773 847 arma
795 785 884 848 situs.
1065 795 1099 846 co

477 906 495 945 *
727 910 744 947 ²i=

602 953 620 993 8

127 1033 281 1101 Rusticus
304 1033 478 1116 alueoque
500 1031 603 1115 vehit,
625 1033 710 1098 male
733 1033 857 1098 sobrius
879 1035 964 1119 ipse,

172 1117 315 1182 onrem
336 1117 479 1202 plaustro
524 1117 753 1202 rogeniemque
775 1117 914 1183 domurn.

130 1201 196 1269 Sed
210 1199 345 1265 Veneris
366 1204 444 1264 tunc
465 1138 551 1264 bella
567 1201 686 1284 calent,
710 1202 888 1287 scissosque
903 1203 1036 1287 capillos

174 1285 309 1350 Femina
329 1285 504 1370 perfractas
528 1285 793 1370 conqueriturque
814 1286 915 1352 fores:

130 1371 205 1435 Flet
226 1372 352 1434 teneras
374 1369 506 1433 subtusa
528 1391 643 1454 genas,
666 1370 722 1434 sed
743 1371 846 1435 victor
867 1374 900 1435 et
921 1372 989 1456 ipse
1065 1380 1099 1434 55
1124 1399 1126 1406 ⁴

176 1453 250 1519 Flet
272 1453 334 1518 sibi
356 1452 519 1518 dementes
540 1456 607 1518 tam
628 1455 766 1518 valuisse
786 1477 910 1521 manus.

7 1617 8 1622 ἵ
130 1540 179 1603 At
200 1537 337 1602 lascivus
359 1537 462 1602 Amor
482 1538 569 1602 rixae
591 1539 678 1602 mala
698 1539 795 1603 verba
816 1540 993 1623 ministrat,

174 1622 264 1686 Inter
285 1624 318 1686 et
339 1621 456 1686 iratum
478 1621 584 1686 lentus
605 1626 775 1720 utrumque
798 1623 896 1692 sedet.

7 1723 8 1726 ’
133 1707 181 1790 A,
204 1707 237 1770 la
259 1706 287 1770 is
309 1707 358 1770 est
371 1706 567 1790 ferrumque,
589 1728 679 1770 suam
694 1727 883 1791 quroumque
897 1709 1036 1791 puellam

174 1728 345 1854 Verberat:
369 1811 386 1854 e
408 1791 496 1854 caelo
518 1789 636 1874 deripit
656 1790 711 1855 ille
733 1790 819 1856 deos.
1067 1805 1100 1856 60
1171 1827 1173 1832 s

7 1903 13 1934 ι
132 1873 184 1942 Sit
205 1874 281 1939 satis
304 1895 321 1938 e
342 1874 492 1938 membris
514 1876 643 1938 tenuem
663 1874 843 1938 rescindere
864 1877 1000 1958 vestem,

176 1958 226 2024 sit
248 1958 326 2022 salis
349 1961 480 2022 ornatus
503 1956 687 2022 dissoluisse
711 1977 833 2042 comae,

132 2042 184 2110 Sit
204 2042 350 2106 lacrimas
371 2043 509 2106 movisse
532 2041 624 2106 satis:
648 2045 758 2126 quater
779 2042 834 2106 ille
856 2043 967 2108 beatus

176 2126 246 2202 Quo
267 2127 377 2190 tenera
398 2127 480 2192 irato
492 2125 577 2192 llere
598 2127 705 2210 puella
725 2129 842 2210 potest.

133 2210 199 2278 Sed
213 2209 361 2275 manibus
376 2211 432 2294 qui
447 2232 558 2275 saevus
573 2211 648 2293 erit,
671 2215 858 2295 scutumque
873 2211 1046 2296 sudemque
1067 2223 1100 2274 oo

175 2294 208 2360 Is
230 2297 320 2379 gerat
342 2297 374 2358 et
395 2293 475 2360 mihi
497 2295 539 2358 sit
560 2295 672 2378 procul
694 2317 713 2358 a
734 2294 868 2360 Venere.

132 2380 180 2445 At
201 2379 310 2460 nobis,
332 2377 400 2443 Pax
422 2380 520 2462 alma,
543 2379 617 2442 veni
640 2379 823 2463 spicamque
844 2382 969 2463 teneto,

175 2461 317 2530 Perfluat
338 2465 371 2527 et
387 2463 492 2548 pomis
515 2462 668 2527 candidus
691 2465 765 2527 ante
788 2463 887 2529 sinus.
