2628 4116
502 295 619 353 LIBER.

168 460 301 526 Cometa
323 459 420 524 silva:
441 479 517 522 num
539 456 671 541 Cytorio
692 457 727 522 in
748 459 824 544 iugo

167 545 332 629 linquente
355 563 450 628 suepe
471 542 600 606 sibilum
621 541 721 606 edidit
742 564 843 607 como.

169 627 312 694 Amastri
333 626 469 692 Pontius
489 627 522 690 et
544 623 661 709 Oybore
682 627 823 709 buxifer,

169 712 241 777 Tibi
262 711 342 776 haee
363 710 463 776 fuisse
485 713 518 774 et
539 731 608 774 esse
631 709 851 808 cognitissima

168 798 225 861 Ait
245 795 414 880 phaselus:
435 794 549 859 ultime
570 815 609 858 ex
630 795 755 892 origine
1015 805 1048 856 1⁶

169 881 237 945 Tuo
261 880 388 945 stetisse
411 878 489 943 dicit
508 878 544 942 in
566 899 745 962 osoumme,

168 964 236 1030 Tuo
259 963 411 1028 imbuisse
432 962 589 1047 palmulas
610 962 646 1026 iu
668 982 820 1046 sequere,

168 1047 213 1113 Et
234 1049 308 1112 inde
330 1051 381 1112 tot
400 1067 458 1132 per
478 1045 660 1132 inpotentia
680 1045 785 1110 frete·

169 1131 271 1200 Erum
291 1131 419 1214 tulisse,
441 1132 532 1196 loeva
554 1130 621 1194 sive
642 1129 773 1194 dexteru

168 1215 308 1281 Vocaret
329 1237 420 1298 aura,
443 1215 509 1280 sive
529 1217 699 1298 utrumque
720 1211 759 1278 Iu
781 1214 864 1298 piter
1015 1225 1049 1277 20

169 1299 272 1366 Simul
293 1299 450 1364 secundus
471 1297 636 1364 incidisset
656 1299 691 1362 in
711 1236 839 1383 petlem3

169 1389 279 1482 Neque
300 1383 366 1448 ullu
386 1386 462 1448 vota
483 1381 662 1446 litoralibus
684 1381 751 1446 deis

169 1467 239 1534 Sibi
261 1489 330 1532 esse
350 1466 452 1550 foetu,
474 1487 546 1530 oum
567 1465 690 1530 veniret
711 1487 731 1530 u
751 1468 850 1532 merei

168 1551 351 1618 Novissime
372 1550 458 1614 hune
480 1549 521 1613 ud
541 1571 641 1634 usque
663 1549 830 1634 limpidum
852 1551 964 1618 laeum.

170 1635 234 1700 Sed
254 1634 334 1700 haee
355 1635 444 1718 prius
466 1633 571 1698 fuere:
592 1654 679 1698 nuno
700 1634 864 1700 recondita
1014 1645 1048 1696 2⁶

171 1711 272 1785 Senot
291 1719 396 1803 quiete
418 1739 514 1802 seque
536 1716 662 1782 dedicet
682 1717 757 1801 tibi,

171 1802 314 1868 Gemelle
337 1800 452 1868 Oustor
473 1805 506 1866 et
526 1801 663 1886 gemelle
685 1799 837 1868 Castoris.
888 1781 923 1848 l*

490 1931 644 1942 ...ι-

545 2013 590 2090 V.

171 2139 340 2222 Vivamus,
362 2159 434 2204 mes
455 2137 586 2217 Lesbia,
608 2140 703 2222 eique
725 2159 882 2225 ememus,

171 2223 388 2307 Rumoresque
410 2244 522 2286 senum
544 2223 737 2286 severiorum

61 2293 128 2413 L,
172 2307 292 2372 Omnes
312 2307 406 2370 unius
429 2307 633 2370 aestimemus
656 2307 746 2371 assis.

104 2417 133 2478 ,o
197 2391 264 2454 oles
286 2389 430 2455 occidere
452 2392 486 2453 et
506 2389 608 2454 redire
629 2394 779 2474 possunt:

101 2493 147 2552 „q
205 2474 275 2538 obis
297 2495 369 2538 oum
391 2474 489 2538 semel
511 2472 629 2538 oceidit
649 2474 753 2538 brevis
775 2475 844 2560 lux,
1033 2487 1051 2537 5

205 2580 247 2622 ox
269 2561 317 2622 est
336 2561 490 2642 perpetue
510 2579 576 2622 unu
597 2557 790 2623 dormienda.

173 2641 226 2706 Da
246 2641 292 2706 mi
312 2641 402 2706 bosio
422 2641 525 2725 mille,
548 2641 662 2706 deinde
684 2645 826 2727 eentum,

171 2724 258 2790 Dein
278 2726 366 2790 mille
388 2726 501 2808 ultera,
525 2725 599 2790 dein
621 2727 759 2791 seeundo
780 2729 923 2809 eentum,

143 2807 296 2874 ,Deinde
316 2831 417 2893 usque
438 2810 539 2873 altera
559 2807 662 2893 mille,
685 2810 799 2875 deinde
820 2813 958 2876 eentum.

171 2892 271 2976 Dein,
294 2915 366 2958 oum
387 2894 477 2957 milia
498 2893 599 2958 multa
620 2893 802 2979 fecerimus,
1018 2904 1051 2954 ιο

173 2976 442 3042 Oonbnbabimus
464 2977 533 3074 illu,
554 2999 596 3041 ne
618 2977 770 3060 sciamus,

171 3061 241 3124 Aut
260 3061 373 3144 nequis
394 3061 497 3125 melus
518 3060 660 3126 mvidere
676 3061 798 3158 possit,

171 3143 255 3211 Cum
276 3147 403 3209 tentum
425 3146 504 3209 sciet
525 3166 594 3210 esse
615 3145 786 3209 busuorum.

535 3359 596 3433 VI.

168 3481 278 3565 Flavi,
301 3482 430 3548 delicias
452 3484 523 3544 tues
546 3479 687 3565 Catullo,
715 3545 721 3552 ,
798 3489 803 3498 ’

169 3564 236 3632 Nei
258 3566 323 3630 sint
343 3563 504 3649 inlepidae
527 3569 620 3651 atque
642 3566 858 3652 inelegantes,
