2630 4110
510 211 725 268 PRAEFATIO.
953 215 957 222 '
1013 225 1104 274 xxm

132 379 217 454 apud
232 377 427 438 Schwabium
448 381 478 436 11
492 378 631 438 Ellisium
651 379 806 440 invenient
826 380 945 440 relatos.
975 380 1037 440 Nos
1051 399 1106 456 pro

132 463 226 522 huius
240 463 391 522 tenuitate
406 462 518 538 ingenii
533 463 655 538 quique,
677 467 712 523 ut
725 463 908 523 Lachmanni
922 465 955 524 in
969 484 1001 524 re
1016 465 1107 524 simili

134 547 232 608 uerba
249 543 299 626 [ad
314 545 403 605 Lacr.
419 545 443 620 I,
462 543 553 626 1069]
577 547 777 621 adhibeamus,
792 549 949 608 vaticinari
962 567 1017 608 nec
1032 549 1106 607 didi·

135 633 235 690 cimus
249 648 304 690 nec
320 631 464 706 cupimus,
485 631 561 689 illud
575 633 724 694 monuisse
739 633 871 692 contenti
886 633 1005 706 erimus,
1026 634 1106 708 quod

136 734 208 775 curn
222 713 396 774 Hermanno
415 715 550 790 plerique
571 717 740 776 statuerunt
752 718 890 777 versibus
904 718 941 776 ab
959 720 996 775 11
1013 717 1050 775 11
1067 719 1104 776 19

137 803 175 858 ut
189 799 304 874 proedo
318 799 498 874 respondere
509 801 542 858 in
555 799 613 859 fine
624 803 738 877 positos
753 801 838 878 quasi
853 802 968 878 epodon
984 803 1104 876 b9sqq.,

136 880 225 942 nullo
246 883 341 942 videri
361 885 447 958 paeto
473 885 627 959 probabile
649 887 680 943 et
699 885 820 962 quidam
839 886 877 945 ob
904 904 969 944 eam
988 903 1106 944 causam

138 967 224 1044 quod
238 967 366 1027 admissa
379 967 433 1026 hac
448 967 592 1028 1111111111
606 970 667 1027 iam
682 973 801 1044 oportet
813 969 936 1029 iuuenes
951 970 1023 1028 duas
1038 987 1105 1028 eon-

136 1053 274 1112 tinuasse
288 1051 433 1127 strophas,
453 1071 470 1109 a
484 1072 513 1112 1.
527 1053 568 1112 49
584 1051 734 1126 adfinem,
749 1053 780 1111 id
795 1054 874 1128 quod
887 1054 973 1114 nobis
986 1053 1107 1114 videtur

138 1137 179 1195 ab
195 1136 277 1196 omni
291 1135 484 1196 similitudine
499 1136 565 1196 ueri
579 1135 804 1196 alienissimum.
827 1135 966 1196 Ceterum
980 1137 1017 1195 ad
1030 1137 1106 1196 hano

139 1220 351 1296 aequalitatem
362 1221 493 1296 partium
508 1221 648 1280 tuendam
663 1221 784 1296 quidam
799 1224 969 1281 statuerunt
981 1223 1050 1296 post
1065 1223 1104 1279 59

139 1304 284 1364 excidisse
305 1323 398 1364 uuum
418 1323 553 1378 uersum,
578 1305 609 1364 id
629 1305 749 1381 quidem
768 1323 938 1382 perperam,
965 1305 1106 1382 quoniam

139 1389 324 1464 anaphoras,
347 1407 421 1465 quae
442 1392 489 1448 est
508 1390 541 1448 in
561 1389 622 1448 illis
632 1407 739 1466 pocynu
747 1408 893 1466 pacpnore,
908 1391 994 1467 vigor
1008 1391 1105 1450 omnis

139 1473 259 1548 deperit
271 1473 428 1533 interiecto
442 1473 523 1532 inter
539 1475 578 1533 59
594 1477 626 1532 11
640 1476 682 1534 60
696 1475 754 1534 alio
768 1475 955 1534 hexametro:
972 1474 1023 1532 alii
1038 1491 1105 1532 cum

136 1558 172 1616 id
192 1559 273 1616 reete
292 1557 521 1633 perspexissent,
545 1557 673 1618 similem
687 1559 824 1618 lacunam
837 1562 907 1635 post
922 1559 961 1618 65
982 1558 1105 1634 depren-

139 1641 220 1700 disse
242 1641 298 1700 sibi
318 1642 376 1701 visi
397 1644 475 1714 sunt,
499 1642 551 1700 ubi
572 1645 672 1718 potest
685 1643 806 1719 quidem
820 1643 962 1702 excidisse
976 1641 1105 1702 versicu-

137 1727 198 1799 lus,
220 1745 399 1802 quamquam
420 1729 565 1801 quantum
587 1727 762 1788 adsensum
783 1729 892 1786 attinet
910 1745 947 1785 nc
968 1745 1028 1784 una
1041 1727 1105 1800 qui-

139 1809 211 1868 dem
224 1810 345 1868 litemla
360 1809 552 1870 desideratur.
574 1809 689 1870 Nosne
704 1811 782 1871 inre
797 1813 910 1870 incerta
924 1809 1106 1884 anquirenda

138 1893 268 1953 nimium
287 1894 477 1954 absumamus
505 1895 649 1970 temporis
680 1896 752 1954 satis
780 1894 954 1952 habebimus
975 1893 1106 1950 breviter

139 1977 317 2054 significare,
334 1979 429 2054 qualis
444 1979 530 2038 nobis
545 1978 636 2038 fuisse
650 1978 788 2038 videatur
808 1977 918 2054 integri
934 1977 1030 2036 forma
1044 1995 1105 2034 car-

139 2062 240 2121 minis.
269 2061 410 2122 Ceterum
431 2063 468 2120 ad
482 2063 686 2138 quaestionem
703 2063 779 2122 hanc
792 2061 1026 2138 promovendam
1040 2061 1106 2136 plu·

139 2147 253 2206 rimum
273 2146 412 2205 utilitatis
433 2147 551 2220 afferet,
577 2147 609 2205 id
638 2147 717 2223 quod
745 2148 944 2224 neglexerunt
970 2146 1106 2222 plerique

139 2248 259 2302 omncs,
298 2231 434 2306 exempla
463 2231 648 2306 epithalamii
677 2231 880 2308 praecedentis
906 2234 937 2290 11
962 2229 1105 2288 similium

139 2314 308 2374 cerndnum
327 2314 502 2390 respexisse.
542 2315 646 2390 Itaque
667 2316 748 2375 omni
774 2317 901 2392 pignore
924 2313 1106 2373 affirmamus

139 2401 212 2476 post
226 2400 266 2457 31
281 2415 346 2459 esse
360 2399 498 2458 lacunam
511 2399 625 2460 incerto
640 2418 780 2459 versuum
794 2417 933 2472 numero,
955 2398 1008 2457 sed
1027 2395 1107 2454 haud

140 2501 212 2543 sane
228 2501 362 2558 paruam,
377 2483 410 2542 in
424 2503 483 2558 qua
496 2485 627 2560 primum
642 2484 755 2544 mentio
769 2485 848 2543 facta
862 2484 903 2542 sit
916 2481 1041 2559 virginis
1056 2479 1105 2538 ad·

139 2567 301 2641 venientis,
316 2567 354 2626 de
369 2585 428 2644 qua
442 2567 554 2627 dictum
569 2571 676 2628 11111.
692 2569 713 2626 4
732 2571 900 2656 1111111111
913 2569 994 2642 oirpo
1010 2563 1060 2642 (of.
1076 2566 1108 2622 11

142 2653 193 2724 61,
217 2649 397 2729 'zu-118).
432 2653 547 2712 Deinde
574 2653 637 2712 sine
659 2651 748 2713 dubio
769 2655 805 2712 ut
823 2653 934 2727 ubique
955 2648 1045 2710 simili
1061 2665 1106 2706 oc-

140 2737 260 2796 casione
285 2736 402 2798 iuvenis
422 2739 454 2796 et
471 2737 603 2814 puellae,
625 2737 677 2812 qui
697 2737 758 2796 iam
777 2738 863 2797 erant
882 2735 987 2794 inituri
1008 2731 1107 2792 coniu-

141 2821 235 2897 gium,
246 2821 350 2881 laudes
364 2821 487 2881 fuerunt
497 2821 642 2897 adiectac3
658 2821 769 2881 etenim
782 2821 814 2881 in
828 2822 917 2898 frgm.
933 2819 1012 2895 quod
1027 2819 1108 2876 extet

142 2905 179 2964 de
207 2907 336 2982 utroque
364 2925 402 2965 ne
430 2907 556 2966 verbum
582 2905 716 2982 quidem,
743 2907 802 2966 nisi
827 2905 907 2982 quod
932 2905 964 2962 in
988 2905 1107 2976 integro

143 2991 286 3065 opusculo
293 2991 475 3051 mentionem
489 2989 648 3050 admodum
658 2991 849 3050 honorificam
863 2989 1002 3048 iniectam
1016 2985 1107 3044 fuisse

142 3075 246 3149 sponsi
266 3077 391 3150 apparat
409 3094 438 3134 1.
455 3075 510 3134 59:
538 3081 569 3135 at
588 3080 621 3134 tu
640 3093 677 3134 111
696 3092 803 3150 pupas
822 3093 888 3135 cum
906 3074 975 3132 1111
989 3073 1108 3143 aalays

141 3160 231 3234 sirpo.
262 3158 391 3217 Potuere
412 3159 521 3217 atalia
544 3159 641 3218 inesse
661 3157 694 3218 in
714 3159 851 3218 uersibus
870 3157 1010 3233 perditis,
1033 3173 1108 3232 quae

142 3243 231 3302 facile
244 3243 304 3318 ipsi
320 3245 481 3318 agnoscent
494 3244 631 3302 lectores.

206 3326 323 3386 Deinde
338 3343 493 3388 monemus
507 3329 577 3402 post
595 3327 671 3384 illud
684 3323 834 3400 Hesperus
849 3344 863 3388 1
877 3329 961 3388 uobis
975 3325 1109 3398 aequales

143 3411 263 3471 11111111
280 3429 376 3470 amam
395 3411 537 3470 excidisse
562 3411 656 3470 uerba
674 3411 842 3486 puellarum
862 3409 1108 3488 querentiumde

143 3495 303 3572 iniquitate
323 3493 444 3570 sideris,
471 3497 503 3554 11
523 3513 593 3555 mox
611 3495 753 3556 iuvenum
777 3495 856 3556 idem
877 3493 1108 3554 defendentium.
