2628 4116
114 102 192 174 xri]
543 97 659 153 mann.

203 262 277 328 Sive
300 281 365 344 qua
386 258 656 342 septemgeminus
679 258 800 323 colorat

407 343 557 425 Aequora
577 340 687 427 Nilus,

203 429 277 496 Sive
298 431 390 492 trans
412 426 493 490 altas
514 425 676 509 gradietur
698 425 814 510 Alpes,

204 513 351 578 Caesaris
373 510 481 575 visens
502 510 699 574 monimenta
719 510 843 594 magni,
1056 523 1088 572 ιο

205 596 364 661 Gallicum
385 593 546 675 Rhenum,
569 591 721 658 horribile
742 615 860 678 aequor
880 594 953 660 ulti·

407 698 540 760 mosque
560 675 749 760 Britannos,

205 763 324 828 Omnia
345 761 438 844 haec,
462 781 678 844 quaecumque
700 761 781 824 feret
802 761 948 826 voluntas

204 845 380 928 Caelitum,
402 847 558 928 temptare
580 843 675 908 simul
696 845 814 928 parati,

204 930 312 996 Pauca
332 929 479 994 nuntiate
500 949 589 992 meae
610 927 734 1012 puellae
1054 943 1085 992 15

409 1011 485 1079 Non
506 1013 592 1076 bona
614 1011 707 1076 dicta.
733 1023 775 1088 4

205 1097 287 1164 Cum
309 1097 374 1160 suis
394 1097 482 1161 vivat
501 1095 667 1178 valeatque
688 1095 844 1178 moechis,

206 1182 293 1257 Quos
315 1181 410 1244 simul
431 1180 586 1264 conplexa
607 1181 696 1242 tenet
716 1181 891 1264 trecentos,
985 1183 986 1186 ’

206 1263 343 1331 Nullum
364 1286 475 1328 amans
496 1283 584 1345 vere,
608 1262 663 1328 sed
685 1261 858 1328 identidem
880 1263 1022 1328 omnium

409 1347 469 1412 llia
490 1368 656 1430 rumpens:
697 1417 698 1420 Ἴ
1052 1363 1085 1412 20

205 1431 276 1498 Nec
298 1453 405 1496 meum
426 1433 596 1515 respectet,
619 1433 765 1516 utente,
788 1453 943 1516 amorem,

156 1513 178 1668 H
205 1515 377 1591 Quirinus
399 1515 493 1599 culpa
515 1514 629 1579 cecidit
649 1515 736 1579 velut
756 1517 839 1598 prati

205 1598 321 1666 Vltimi
342 1599 416 1682 flos,
439 1601 679 1682 praetereunte
700 1602 870 1683 postquam

412 1682 528 1746 Tactus
551 1685 696 1746 aratrost.
883 1745 940 1798 f,

529 1803 682 1812 —.-
837 1792 860 1843 (ι

95 1885 186 1992 sp,
564 1871 643 1944 XII.

206 1985 389 2052 Marrucine
409 1985 518 2070 Asini,
541 2007 639 2049 manu
661 1984 790 2048 sinistra

206 2071 285 2136 Non
305 2070 388 2134 belle
410 2069 508 2134 uteris
530 2071 565 2133 in
586 2069 656 2133 ioco
680 2071 773 2152 atque
795 2069 892 2137 vinor·

207 2155 310 2218 Tollis
332 2155 432 2218 lintea
452 2153 737 2238 neglegentiorum.

207 2239 281 2302 Hoc
303 2238 421 2302 salsum
444 2259 512 2301 esse
534 2237 650 2322 putas?
672 2237 757 2322 fugit
777 2241 823 2320 te,
846 2237 969 2323 inepte:

207 2323 361 2398 Quamvis
383 2321 511 2385 sordida
532 2343 582 2385 res
606 2324 638 2385 et
659 2321 866 2388 invenustast.
1072 2339 1090 2390 o

206 2405 241 2472 N
244 2427 287 2470 on
309 2405 410 2471 credis
432 2404 533 2469 mihi?
562 2405 653 2470 crede
674 2404 800 2470 Polioni

208 2489 329 2572 Fratri,
351 2489 483 2574 quibua
505 2489 591 2553 furta
611 2489 662 2553 vel
683 2489 805 2553 talento

207 2574 330 2638 Mutari
350 2573 440 2638 velit:
464 2577 513 2638 est
535 2573 620 2637 enim
641 2573 786 2657 leporum

207 2656 356 2722 Disertus
377 2679 456 2740 puer
478 2679 514 2722 ao
535 2657 732 2722 facetiarum.

206 2742 313 2817 Quare
335 2745 391 2804 aut
411 2741 692 2824 hendecasyllabos
715 2746 875 2807 trecentos
1059 2759 1091 2810 10

208 2825 353 2909 Expecta
367 2828 429 2890 'aut
449 2825 528 2889 mihi
550 2827 684 2889 linteum
705 2827 847 2909 remitte,

207 2909 304 2985 Quod
324 2931 376 2974 me
396 2930 464 2973 non
484 2912 591 2974 movet
612 2909 847 2992 aestimatione,

209 2991 363 3058 Verumst
383 3002 626 3076 mnemosynum
646 2995 709 3058 mei
731 2993 857 3058 sodalis.

134 3129 136 3133 .
208 3075 297 3142 Nam
319 3077 444 3140 sudaria
465 3076 599 3142 Saetaba
620 3099 659 3142 ex
680 3077 829 3141 Hibereis

209 3159 368 3225 Miserunt
388 3161 468 3224 mihi
488 3161 613 3226 muneri
634 3161 786 3224 Fabullus
1058 3179 1091 3226 15

209 3244 256 3308 Et
277 3243 450 3310 Veranius:
473 3245 551 3309 haec
573 3265 677 3308 amem
697 3245 859 3307 necessest

209 3325 258 3392 Vt
277 3327 484 3394 Veraniolum
504 3349 609 3392 meum
632 3331 664 3389 et
684 3326 863 3393 Fabullum.

534 3449 686 3458 ...Ἀ

884 3472 943 3560 ⁵2¹<
