2632 4140
131 229 218 300 ιιι]
527 227 635 283 arana
656 227 691 285 11.
1051 221 1094 286 29

133 389 196 456 Sed
216 409 284 454 non
305 387 453 452 inmerito
476 387 592 453 velavit
612 409 727 453 aranea
747 388 859 453 fanum
1060 399 1093 450 35

173 473 218 538 nt
238 472 324 538 mala
344 471 487 536 desertos
480 475 644 594 occupat
664 471 763 538 herba
784 473 871 537 deos.

134 643 220 719 Quos
241 641 342 726 igitur
361 639 423 704 tibi
444 601 622 724 custodes,
628 661 719 738 quae
729 639 841 738 limina
861 661 995 726 ponam,

175 725 262 802 Quae
283 745 458 820 numquam
479 745 575 822 supra
595 745 652 808 pes
673 723 821 789 inimicus
843 724 916 789 eat?

4 871 10 900 ,
132 809 216 876 Nam
238 807 320 872 nihil
342 807 461 872 invitae
481 807 583 872 tnstis
605 807 750 872 custodia
770 807 914 892 prodest:

176 892 276 970 Quam
297 911 429 975 peccare
450 890 563 1012 pudet,
585 889 738 975 Cynthia,
760 895 830 958 tuta
852 896 902 958 sat
923 896 981 958 est.
1061 901 1096 958 40

133 1060 203 1128 Nos
223 1080 303 1126 uxor
324 1080 512 1156 numquam,
533 1081 708 1144 numquam
729 977 857 1126 diducet
878 1062 996 1158 amica:

176 1144 308 1228 Semper
330 1143 431 1208 amica
452 1107 546 1222 milri,
569 1165 694 1258 semper
715 1147 748 1208 et
768 1165 849 1210 uxor
869 1145 941 1210 eris.

574 1314 653 1388 VII.

4 1447 5 1482 ἐ
134 1432 251 1498 Gavisa
273 1451 307 1496 es
330 1431 415 1494 certe
437 1429 596 1494 sublatam
603 1427 789 1514 ‚Cynthia
812 1431 931 1529 legem,

177 1515 247 1592 Qua
268 1513 428 1612 quondam
449 1513 553 1578 edicta
574 1513 686 1578 fiemus
707 1518 839 1600 uterque
860 1516 931 1599 diu,

133 1599 259 1666 Ninos
282 1597 444 1662 divideret.
456 1598 624 1745 tquamvis
647 1597 793 1664 diducere
815 1602 958 1664 amantes

176 1683 253 1750 Non
274 1681 399 1766 queat
389 1681 470 1746 mvit
471 1702 507 1746 οι
528 1679 703 1765 Iuppiter
693 1704 762 1766 ipse
784 1682 873 1748 dues.

134 1769 180 1832 At
166 1771 337 1850 tmagnus
360 1763 486 1830 Caesar.
517 1763 573 1829 sed
594 1787 730 1849 magnus
751 1765 899 1831 Caesar
888 1788 924 1831 m
945 1767 1057 1831 ιιιιιιιι
1079 1778 1095 1828 5

4 1897 9 1918 ι
178 1851 330 1916 Devictae
351 1852 463 1934 gentes
485 1848 564 1912 nil
554 1869 590 1912 ιιι
610 1869 718 1913 amore
739 1849 857 1914 valent.

4 1929 8 2002 Ϊ
134 1935 220 2001 Nam
242 1934 335 1999 citius
356 1935 483 2016 paterer
504 1934 600 2016 caput
620 1931 682 1997 hoe
704 1932 864 1998 discedere
887 1933 986 2018 collo,

178 2018 281 2095 Quam
301 2037 430 2114 possem
450 2019 532 2100 nupt
533 2037 569 2081 aa
589 2015 722 2114 perdere
743 2037 850 2082 amore
870 2017 968 2082 faces.

135 2104 204 2170 Aut
225 2122 306 2199 ege
308 2101 477 2166 transirem
498 2104 554 2164 tua
574 2100 693 2165 limina
708 2101 814 2166 clausa
834 2102 980 2186 maritus,

5 2185 6 2188 ’
177 2186 275 2270 Resp
265 2185 365 2251 miens
386 2183 458 2250 udis
478 2183 604 2268 prodita
624 2185 822 2251 luminibus?
1069 2199 1098 2250 ιο

133 2271 168 2338 Α
189 2291 260 2335 mea
279 2273 349 2333 tum
371 2268 480 2353 quales
502 2272 630 2333 caneret
649 2269 724 2348 tibi,
749 2269 902 2354 Cynthia,
925 2291 1054 2335 somnos

180 2353 288 2438 Tibia,
310 2353 437 2418 firnesta
457 2351 581 2474 tristior
601 2352 658 2418 illa
677 2353 767 2419 tuba!

135 2523 231 2588 Vnde
252 2521 333 2586 mihi
354 2436 560 2585 Ριιιιιιι*ι
502 2523 560 2585 nat
561 2542 597 2584 os
609 2483 769 2618 praebere
789 2521 982 2620 triumphis?

179 2605 296 2672 Nullus
318 2605 358 2670 de
378 2608 489 2670 nostro
512 2626 667 2702 sanguine
688 2605 780 2671 miles
803 2607 872 2671 erit

134 2689 305 2774 †Quod
279 2711 307 2754 ιι
327 2711 402 2754 vera
422 2711 511 2754 meae
533 2689 721 2755 comitarent
742 2693 846 2788 castra
866 2689 1005 2774 puellae,
1067 2701 1100 2753 ιι

180 2773 257 2841 Non
278 2772 358 2838 mihi
379 2777 430 2838 sat
449 2794 585 2858 magnus
608 2771 685 2838 (last
671 2774 750 2840 toris
772 2775 834 2839 iret
855 2795 962 2858 equus.

7 2865 8 2870 ’
134 2857 225 2924 Hinc
247 2857 366 2923 etenim
386 2859 514 2922 tantum
534 2857 651 2920 meruit
670 2879 742 2922 mea
762 2857 867 2941 gloria
887 2879 1022 2941 nomen,
1262 2915 1264 2920 .

182 2941 293 3007 Gloria
314 2940 355 3005 ad
375 2939 528 3005 hibernos
549 2940 614 3004 lata
634 2939 753 3037 Boryst
739 2940 896 3004 thenidas.
1088 2948 1221 3038 ΗΜ

94 3011 114 3124 [J
135 3025 188 3090 Τιι
209 3024 289 3089 mihi
311 3025 379 3089 sola
400 3024 523 3121 places.
545 3024 689 3122 placeam
703 3023 763 3088 tibi
768 3023 947 3108 ‚Cynthia
963 3024 1065 3092 solus·
1123 3031 1126 3038 '

8 3117 9 3126 ’
182 3108 245 3174 Ηιι
267 3109 328 3173 erit
348 3111 382 3173 et
402 3107 506 3192 patrio
528 3109 685 3193 sanguine
706 3107 806 3192 pluris
829 3128 926 3172 amor.

544 3238 697 3248 .---

569 3295 667 3369 VIH.

8 3395 9 3402 ι
131 3413 195 3480 Eri
221 3411 285 3476 itur
305 3411 431 3476 nobis
421 3432 486 3475 ram
506 3410 630 3494 pridem
652 3430 726 3474 cara
746 3409 867 3506 puella.

212 3497 284 3560 ιιι
304 3518 357 3560 me
378 3495 525 3560 lacrimas
546 3492 693 3579 fundere,
716 3492 831 3578 amice,
852 3497 950 3561 vetas.
