2632 4140
99 203 101 208 '
236 214 276 279 10
608 188 807 279 rsoesssu
846 195 850 201 '
1093 221 1196 295 [vinu
1311 299 1312 308 Ν

337 381 425 448 Haec
447 385 496 447 est
516 382 642 446 venturi
662 381 766 466 prima
787 380 897 444 favilla
918 379 1003 444 mali.

296 465 378 530 Tum
398 465 501 551 magis
522 465 690 530 Armenios
712 465 819 550 cupies
845 463 994 529 accedere
1014 463 1116 548 tigres

247 563 281 612 20
336 549 381 614 Et
401 551 504 636 magis
526 549 670 614 infernae
691 549 818 613 vincula
838 569 934 612 nosse
955 551 1055 630 rotae,

296 632 398 709 Quum
418 634 509 731 pueri
530 633 649 698 totiens
671 653 779 698 arcum
800 630 918 697 sentire
939 631 1086 696 medullis

337 717 382 782 Et
401 717 483 782 mhil
503 719 604 782 iratae
624 739 719 801 posse
740 739 764 781 n
840 738 858 781 e
878 719 962 781 tune.

297 799 413 866 Nullus
435 802 536 866 Amor
558 802 704 885 cuiquam
724 801 785 865 fcc'
800 823 834 866 es
855 801 901 864 ita
918 800 1069 883 praebuit
1089 799 1171 884 alas,

337 884 383 950 Vt
402 907 469 950 non
490 885 613 951 slterns
633 885 785 970 presserit
804 885 859 949 ille
880 905 987 948 manu.

245 982 278 1032 25
293 967 361 1034 Neo
382 973 414 1034 te
436 969 583 1054 decipiet,
607 969 692 1066 quod
713 969 756 1033 sit
777 969 855 1034 satis
876 969 934 1032 illc
953 971 1079 1052 parete:

336 1054 451 1118 Acrius
473 1053 531 1118 illo
552 1054 647 1136 subrt,
662 1053 804 1136 Pontice,
827 1053 917 1137 sique
937 1055 1036 1138 tuest,

298 1136 422 1287 Quddpe
444 1138 499 1235 ubi
519 1159 587 1202 non
608 1138 702 1235 liceat
722 1157 839 1234 vocuos
859 1136 1009 1218 seducere
1030 1136 1161 1211 ocellos,

295 1303 357 1380 Qui
370 1221 652 1402 elcogrglnatgepaaltrg,
664 1242 795 1370 nddldned
807 1221 919 1371 ditis
927 1221 1050 1401 Astntllgrit
1070 1325 1155 1372 ossa.

247 1401 282 1451 80
339 1388 487 1472 Quisquis
510 1411 554 1473 es,
576 1355 723 1454 adsiduas
745 1411 765 1454 a
785 1390 821 1454 fu
844 1412 862 1453 e
882 1389 1062 1453 blanditus.

293 1472 363 1538 Illis
386 1475 418 1537 et
440 1473 544 1537 silices
565 1477 703 1558 possunt
724 1481 757 1538 et
777 1411 888 1538 cedere
910 1475 1053 1558 quercus,
1111 1512 1120 1524 „

337 1555 464 1622 Nedum
485 1559 521 1620 tu
542 1557 657 1641 possis,
680 1557 810 1641 spiritus
832 1558 893 1622 iste
914 1557 1002 1622 levis.

294 1639 408 1720 Quare,
424 1641 449 1704 si
464 1640 568 1725 pudor
582 1644 639 1726 est,
655 1642 903 1726 quamprimum
918 1643 1020 1706 emate
1035 1639 1153 1707 fatere:

335 1723 449 1790 Dicere
471 1747 534 1809 quc
554 1747 665 1812 percas
687 1747 781 1810 saepe
801 1726 838 1790 in
859 1746 966 1790 umore
988 1724 1080 1789 levat.
1150 1755 1153 1762 ·

684 1941 729 2015 X.

294 2061 321 2126 0
343 2063 480 2127 iocunda
502 2063 601 2146 quies,
622 2063 726 2146 primo
750 2084 822 2127 curn
843 2062 935 2126 testis
957 2059 1059 2125 amori

336 2146 513 2212 Adfuercm
533 2147 647 2211 restris
670 2148 816 2212 conscius
837 2147 873 2210 in
894 2145 1049 2210 lacrimis!

294 2226 321 2293 Ο
343 2233 471 2294 noctem
492 2229 676 2295 meminisse
697 2229 778 2295 mihi
798 2229 935 2295 iocunda
955 2229 1114 2311 voluptcs,

336 2313 364 2378 Ο
408 2315 533 2379 uotiens
555 2315 637 2380 volis
662 2315 719 2379 illa
740 2313 885 2379 vocanda
904 2313 994 2397 meis,

261 2409 283 2461 ‚c
299 2335 434 2463 Oumlle
456 2400 613 2483 conplexa
633 2399 833 2481 morientem,
856 2396 958 2480 Galle,
979 2395 1086 2480 puello

339 2481 487 2547 Vidimus
510 2487 542 2548 et
562 2485 661 2568 longa
681 2482 795 2547 ducere
816 2482 914 2546 verba
934 2477 1036 2544 moral

294 2563 443 2641 Quamvis
471 2567 613 2631 lubentes
662 2570 798 2632 remeret
818 2565 898 2630 mihi
919 2563 1049 2630 somnus
1071 2563 1201 2632 ocellos

335 2649 380 2713 Et
400 2649 514 2714 mediis
536 2651 623 2715 caelo
672 2673 736 2716 una
756 2650 885 2715 ruberet
906 2650 1004 2734 equis,

292 2731 369 2798 Non
389 2736 498 2798 tumen
519 2756 539 2798 a
559 2738 665 2799 vestro
687 2735 779 2820 potui
800 2734 945 2799 secedere
967 2733 1052 2797 lusu:

247 2828 279 2879 ιο
335 2815 457 2881 Tantus
478 2819 514 2882 in
535 2819 666 2884 alternis
688 2819 820 2884 vocibus
845 2818 939 2884 ardor
960 2819 1036 2881 erst.

293 2898 356 2966 Sed
378 2901 528 2985 quoniam
548 2924 616 2968 non
637 2925 670 2967 es
691 2903 811 2968 veritus
834 2901 1022 2966 concredere
1043 2899 1155 2986 nobis,

333 2985 454 3070 Accipe
476 2987 655 3052 conmissae
677 3009 809 3052 munera
830 2986 987 3050 laetitiae:

292 3067 369 3134 Non
391 3071 495 3134 solum
516 3074 639 3136 vostros
662 3070 759 3135 didici
779 3071 912 3135 reticere
934 3069 1059 3133 dolores

333 3153 394 3218 nse
415 3153 564 3238 quiddam
585 3156 621 3219 n
641 3155 736 3219 nobs
756 3155 868 3238 maius,
890 3155 1001 3236 amice,
1022 3117 1096 3220 file.

1310 755 1312 784 Α

1305 865 1312 938 l

264 3235 431 3301 tPossum
452 3260 513 3336 ego
529 3239 671 3305 diversos
692 3239 808 3303 iterum
828 3239 1022 3336 coniungere
1036 3241 1208 3329 amantes,
1311 3299 1312 3334 ,

335 3319 379 3384 Et
400 3321 548 3388 dominae
569 3324 677 3388 tardas
698 3344 829 3407 possum
851 3344 973 3408 sperne
993 3321 1091 3404 fores,

292 3401 338 3468 lle
381 3424 489 3469 ossum
511 3407 641 3472 alterius
664 3429 754 3472 curas
777 3429 889 3471 sanare
909 3408 1063 3488 recentes,

368 3509 404 3554 ec
425 3488 504 3554 levis
526 3491 561 3555 in
582 3493 687 3556 verbis
710 3494 759 3556 est
779 3491 938 3556 medicine
957 3489 1048 3554 meis.
