2598 4136
68 185 176 260 nunu]
468 185 635 246 enuere.

493 351 604 426 LIIII.

70 482 93 548 Ο
113 479 144 544 1)
161 480 196 578 ,si
217 480 341 578 scribes
360 482 583 579 temonemque
604 482 734 579 insuper
755 481 869 578 addes,

108 564 170 640 Qui
192 564 334 629 medium
355 567 387 628 ie
408 565 476 630 voli
498 565 655 646 sundere,
677 568 781 650 pietus
803 567 873 630 erri.

509 795 584 870 LV.

70 916 205 983 Credere
228 917 298 1000 quis
343 915 446 982 ossib?
472 917 586 983 falcem
609 939 733 1002 quoque
756 917 862 1002 (turpe
884 917 1005 992 lauris

108 999 158 1064 De
180 999 290 1085 digitis
312 939 397 1065 liires
420 1002 598 1084 surripuere
620 1001 709 1066 meis.
848 1065 853 1076 ,

69 1083 136 1150 Nee
157 1087 267 1148 movet
288 1083 396 1149 emissi
418 1087 485 1148 iem
506 1107 558 1150 me
579 1085 702 1149 iectura
722 1083 900 1169 pudorque,

110 1166 214 1243 Quem
235 1167 390 1251 praebent
410 1168 511 1234 iustos
537 1169 637 1234 allero
658 1169 722 1234 telo
743 1169 855 1234 melus.

71 1252 156 1328 Quae
179 1251 208 1314 si
229 1249 395 1334 perdidero
432 1253 536 1335 patrie
557 1251 730 1336 mulbebor,
753 1255 785 1317 el
806 1251 884 1317 olim
1016 1266 1032 1314 o

110 1334 170 1399 Ille
192 1338 266 1399 tuus
288 1335 381 1420 civis,
401 1300 593 1422 lampsaco,
617 1335 728 1402 Gallus
751 1356 814 1401 ero.

475 1483 626 1494 nunu—n—

506 1566 597 1640 LVI.

69 1687 206 1753 Derides
228 1708 367 1772 quoque,
389 1687 458 1770 fur,
482 1691 515 1752 ei
535 1688 720 1773 inpudicum

71 1771 225 1837 Ostendis
247 1770 383 1869 digitum
405 1771 484 1836 mihi
505 1771 651 1837 minenli.
813 1771 816 1778 ’

69 1857 164 1922 Eheu
184 1875 236 1918 me
257 1875 423 1939 miserum,
446 1855 530 2003 ffuod
550 1857 614 1920 isle
634 1856 806 1940 lignumsi,

70 1941 161 2016 Quae
181 1960 234 2002 me
254 1939 430 2004 terribilem
465 1939 529 2004 eoib
549 1939 659 2004 videri.

69 2022 233 2088 Mandebo
256 2021 385 2088 domino
407 2026 515 2088 lemen
536 2023 647 2107 seleci,

69 2107 116 2173 Vt
137 2127 198 2192 pro
219 2128 271 2171 me
292 2106 370 2171 velib
390 2107 549 2172 inrumnre
570 2109 667 2173 fures.

499 2319 608 2395 LVII.

69 2445 196 2512 Cornix
218 2445 249 2507 ei
270 2443 370 2508 earies
392 2443 544 2526 vetusque
565 2444 708 2527 buslum,

69 2529 183 2594 'lbrrbe
203 2526 315 2611 puiida
335 2527 423 2592 seete
444 2527 657 2611 seeoulorum,

70 2613 165 2688 Quae
186 2610 296 2674 forsan
316 2612 474 2696 potuisset
495 2632 564 2676 esse
584 2611 694 2676 nutrix

44 2738 46 2740 -
70 2695 209 2761 Tithoni
230 2693 389 2759 Priamive
410 2694 609 2778 Nestorisue,

69 2781 144 2844 Illis
166 2779 202 2842 ni
222 2779 328 2862 pueris
350 2800 429 2842 enus
450 2777 577 2860 fuisset,

69 2863 124 2928 Ne
141 2858 233 2926 'desii
253 2861 329 2945 sibi,
351 2883 403 2926 me
423 2865 534 2947 roget,
556 2863 687 2927 fuluior.

70 2946 162 3022 Quid
183 2946 211 3009 si
231 2965 318 3010 nune
338 2949 445 3030 roget,
467 2949 504 3010 ul
524 2947 631 3030 puelle
651 2945 729 3010 fiai?

70 3030 121 3120 [Si
143 3049 294 3094 nummos
316 3031 424 3094 tamen
445 3029 524 3094 haee
545 3027 656 3115 hebet,
677 3025 836 3115 puellam]

482 3161 634 3170 ...ἓ-

494 3242 621 3316 LVHI.

66 3367 275 3450 Quicumque
295 3367 440 3430 nosirem
461 3365 513 3430 fur
533 3361 685 3428 fefellerit
706 3360 826 3442 sedem,

68 3449 270 3516 Effeminelo
292 3447 450 3513 verminel
470 3448 581 3534 procul
603 3447 689 3532 oulo;
