2630 4110
451 175 664 234 PRAEFATIO.
946 190 1037 238 xm

84 343 180 402 Sereni
208 339 271 422 [pg.
293 345 355 402 517
376 362 399 404 s.
420 361 449 404 v.
469 340 651 422 asportat
683 343 742 403 Sed
762 343 805 404 ibi
824 363 930 404 vereor
949 346 1035 404 veha-

83 429 192 486 mentar
211 445 251 486 nc
273 427 313 486 sit
331 427 485 486 turbatum
505 447 523 486 a
541 428 686 501 librariis,
708 445 782 488 11010
799 427 909 488 Catulli
927 447 1037 489 nomen

82 513 188 584 pariter
207 529 277 569 oum
297 529 388 570 versu
407 513 516 572 omisso
536 512 716 586 pertinuerit
734 511 834 587 potius
865 512 902 570 ad
927 512 1036 571 lemma

83 590 253 668 praecedens
274 596 422 654 caasa.
450 595 526 652 Nam
545 596 656 671 legitur
679 597 733 667 63,
754 597 795 654 49
815 597 948 670 putrium
967 597 1036 656 ollo-

82 683 144 738 cuto
156 683 294 739 macana
307 681 351 738 ito
364 695 428 739 voce
441 681 589 738 miserto.

138 761 289 821 Hactenus
309 761 346 820 de
360 761 468 822 Nouio.
496 762 540 820 At
557 763 665 822 Isidori
685 766 797 838 quanta
817 763 857 822 sit
878 763 984 824 levitas
1004 763 1037 822 in

82 845 201 908 citandis
228 846 398 904 auctoribus
418 847 468 905 vel
485 845 540 904 hac
557 865 590 905 ra
611 851 749 922 apparat,
775 846 855 922 quod
879 847 912 905 in
931 845 1036 905 eodem

82 929 153 986 libro
174 927 296 988 XVIIII
315 947 339 988 0.
355 930 395 989 33
416 929 506 988 etiarn
526 930 617 988 aliurn
636 929 818 990 versiculum
837 949 873 988 ex
896 929 951 988 hoc
971 931 1036 1004 ipso
1146 961 1153 976 =

82 1012 266 1086 epithalamo
280 1012 408 1087 potitum
424 1009 491 1090 (65)
506 1013 615 1071 tribuit
629 1011 750 1072 Cinnae.

140 1097 219 1166 Quae
235 1115 304 1154 cum
317 1096 360 1154 ita
374 1097 448 1170 sint,
463 1115 525 1154 non
538 1097 599 1154 iam
612 1113 763 1169 veremur,
783 1115 821 1156 ne
836 1096 902 1171 quis
916 1115 970 1155 nos
984 1115 1036 1156 no-

83 1179 165 1238 vandi
184 1181 286 1239 studio
305 1177 439 1252 versum,
463 1179 498 1237 de
513 1198 572 1254 quo
587 1180 695 1256 affl'tur,
711 1180 876 1240 restituisse
891 1179 969 1238 dicat
984 1179 1036 1238 Ca

84 1264 162 1337 tullo,
182 1265 216 1322 in
230 1281 320 1339 quam
335 1265 500 1338 recepimus
520 1281 557 1322 ax
571 1263 690 1324 scholiis
704 1261 817 1322 Lucani
831 1261 907 1322 illud
920 1265 1036 1332 summi,

83 1365 146 1404 narn
160 1348 239 1422 apud
254 1346 402 1406 Isidorum
417 1350 463 1406 est
476 1347 575 1406 minus
588 1350 667 1406 mute
681 1349 741 1406 aar.
768 1346 852 1406 Idem
868 1347 957 1406 habet
971 1365 1037 1407 ooo-

15 1445 17 1452 ’
83 1431 202 1504 sabea&
216 1433 250 1490 at
256 1430 415 1490 scholiasta
423 1431 495 1489 Luc.
503 1447 568 1490 cum
576 1431 695 1506 subeat.
711 1431 845 1507 Denique
858 1431 937 1506 apud
950 1431 1037 1490 illum

83 1513 147 1574 libri
172 1514 365 1588 Guelferbit„
393 1514 563 1592 Sangam,
585 1515 699 1574 Monac.
720 1518 861 1583 correrio,
889 1517 920 1574 at
946 1513 1037 1572 Nonii

83 1597 231 1659 Leidensis
257 1597 402 1658 secundus
428 1599 577 1658 0011110010.
622 1597 708 1668 Quod
736 1602 839 1658 contra
860 1597 1036 1658 Guelferbit.

84 1681 209 1741 eiusdem
223 1681 334 1758 ubique
349 1681 469 1740 exhibet
480 1683 632 1742 carchesio.

140 1767 179 1826 ib.
196 1768 259 1824 243
274 1765 374 1837 infacta
387 1765 466 1838 Itali,
481 1767 578 1838 inflati
590 1765 628 1823 V.

140 1850 490 1920 inauspicatarum
514 1849 557 1908 ita
577 1851 657 1906 recte
678 1848 742 1908 cdd.
765 1847 861 1907 iudice
882 1847 1038 1922 euphonia.

84 1931 117 1991 In
132 1932 191 1993 bin·
205 1955 235 1994 v.
253 1933 293 1992 25
308 1931 575 1993 Helmsstadiensis
589 1932 666 1992 libsr
681 1933 850 1992 wuombrcil.

140 2019 181 2076 ib.
198 2019 263 2077 280
277 2034 468 2090 quosatmquc
481 2016 560 2090 Itali,
576 2016 771 2092 quodcucoqbo
784 2013 822 2072 V.

141 2103 180 2160 ib.
198 2103 260 2161 287
282 2101 434 2170 Mioosim,
449 2101 492 2160 Ita
505 2099 584 2173 libri,
601 2098 731 2160 Noiosic
744 2099 902 2175 Hauptius,
918 2099 1039 2174 triopa-¹

83 2187 128 2244 sia
147 2185 290 2262 Scaliger,
312 2185 392 2259 quod
412 2201 482 2244 sane
500 2185 646 2260 placeret,
669 2183 757 2242 modo
779 2183 911 2258 syllabae
925 2185 1039 2258 primae

85 2271 229 2343 quantitas
252 2287 290 2327 ne
310 2286 449 2343 respuere
474 2268 635 2328 videretur.
678 2267 786 2326 Dativo
807 2285 913 2343 graeco
940 2268 972 2324 in
992 2269 1041 2325 sia

85 2356 203 2412 exeunte
217 2353 280 2410 iam
295 2350 391 2410 Varro
406 2370 486 2410 usus.
518 2351 632 2410 Crebris
645 2351 776 2424 Lachm,
797 2351 875 2410 oloris
889 2349 926 2409 V.

142 2438 182 2496 ib.
199 2439 261 2496 296
276 2435 415 2510 Scythicis
428 2434 467 2493 N.
482 2432 633 2508 Hellusios,
648 2436 722 2494 oilioi
734 2435 814 2493 libri.

142 2521 182 2580 ib.
198 2522 261 2580 309
276 2537 387 2580 oouwso
402 2519 438 2576 Ε.
455 2519 615 2591 Schulzius,
636 2523 668 2578 ct
680 2535 760 2584 rosso
774 2517 854 2576 libri.
884 2517 927 2576 Ut
941 2516 1040 2575 delon·

85 2603 153 2663 dant
170 2605 331 2663 lectionem
349 2603 515 2678 vulgatam,
543 2603 655 2661 frustra
673 2604 837 2677 provocant
855 2601 892 2658 ad
912 2599 990 2660 Ciris
1011 2621 1040 2660 v.

88 2687 153 2762 122,
174 2707 243 2747 cum
263 2689 366 2746 auctor
384 2686 471 2746 huius
492 2687 630 2746 carminis
650 2685 750 2761 potius
763 2701 853 2745 versu
867 2685 927 2742 511
943 2684 1041 2742 imita-

85 2774 131 2830 tus
151 2773 191 2832 sit
210 2773 347 2832 nostrum
366 2769 479 2843 locrnn,
501 2771 553 2828 ubi
572 2773 619 2829 est
639 2785 802 2843 purpureos
820 2769 896 2840 tlooo
914 2770 1040 2831 reticeo·

86 2860 138 2914 um
150 2858 253 2916 catice
265 2857 368 2925 01110ος
388 2871 485 2929 nequo
500 2853 543 2912 ibi
557 2853 633 2912 illud
646 2851 818 2928 purpureus·
828 2851 989 2928 quidquam
1004 2851 1042 2910 ad

87 2957 146 2998 rem
158 2942 294 2999 nostram
308 2939 388 2996 10011.

144 3022 412 3092 103201100001.
433 3021 462 3080 d.
483 3042 507 3080 r.
529 3041 568 3080 m.
590 3023 661 3082 386.
694 3021 840 3081 Paotcotes
861 3020 980 3088 veteru·
999 3019 1043 3076 ita

87 3107 236 3166 verissime
252 3105 375 3178 Statius,
395 3105 523 3166 videnda
536 3109 568 3164 et
581 3125 656 3180 quac
671 3105 834 3180 disputarit
847 3102 996 3177 Hauptius
1010 3103 1043 3162 In

87 3208 215 3263 prooem.
236 3191 336 3248 Berol.
356 3190 424 3248 lact.
440 3208 512 3250 scm.
528 3193 599 3249 aest.
615 3208 665 3265 pg.
684 3190 732 3247 13.
755 3187 833 3245 Male
849 3186 900 3244 alii
913 3187 1043 3246 callentes

88 3270 168 3350 (libri
181 3275 294 3332 habant
302 3271 460 3350 pellectos),
482 3272 690 3332 alliterationis
710 3289 818 3346 genere
837 3271 1044 3332 ocultioribus
1115 3305 1118 3308 ·

88 3359 179 3430 poetis
193 3359 300 3418 alieno.
436 3386 437 3390 ¹

146 3443 188 3502 ib.
204 3443 266 3502 322
287 3447 389 3518 arpuct
408 3443 492 3514 libri,
514 3443 612 3517 orauit
625 3439 846 3514 Lachmannus,
867 3441 938 3498 fort.
953 3440 1042 3496 recte.
1112 3477 1119 3488 .
