2666 4138
226 239 278 287 ΧΠ
603 223 816 282 PRAEFATIO.

223 395 303 472 quod
318 394 438 471 quidem
454 397 536 454 reete
551 394 594 454 ita
607 393 727 454 videtur
742 393 831 454 scribi
848 387 914 472 [HL
934 392 981 464 13,
999 391 1048 465 25,
1066 387 1137 472 2612

306 517 353 574 sot
367 531 441 584 mec,
456 517 503 572 act
516 517 662 588 magnust,
676 513 703 570 ai
718 515 775 570 tres
788 511 849 570 sint
857 527 968 583 pompa
981 509 1076 578 libelli,

308 615 379 671 precs
394 615 443 673 epo
459 597 661 671 Persephonae
675 597 807 654 mommo
819 596 898 656 deoc
911 594 1014 666 feram.

223 717 264 776 Et
277 716 353 776 illud
368 733 439 774 sane
453 733 542 774 nemo
553 714 676 792 negabit
686 713 877 789 Propertium
892 714 918 772 si
932 713 997 788 ipse
1010 712 1105 774 libros
1120 729 1193 772 suos

223 803 341 877 praeter
354 799 485 874 primum
499 798 648 872 edidisset,
669 817 831 872 numquam
846 797 1074 856 commissurum
1087 797 1191 870 fuisse,

223 887 258 942 ut
284 885 318 944 in
343 882 470 942 secundo
494 882 648 945 volumine
672 901 707 941 ea
731 883 824 942 verba
847 882 1029 957 legerentur.
1065 880 1194 939 Accedit

223 967 304 1044 quod
317 968 350 1026 in
363 967 462 1042 priore
476 969 563 1042 parte
574 965 697 1026 alterius
708 966 780 1024 libri
791 966 843 1041 qui
855 965 1008 1024 ferebatur
1021 965 1089 1024 ante
1097 963 1193 1023 Lach-

223 1071 366 1112 mannum
387 1051 477 1110 etiam
497 1051 570 1110 alias
590 1051 710 1110 lacunas
726 1049 869 1125 deprendi
890 1050 1014 1108 constat.
1043 1048 1194 1107 Minuitur

225 1155 294 1195 sane
308 1135 503 1212 probabilitas
517 1133 752 1194 ratiocinationis
767 1134 804 1192 ab
819 1133 924 1194 eodem
938 1133 1094 1192 institutae
1109 1151 1144 1191 ea
1158 1151 1193 1192 re

224 1219 304 1296 quod
324 1219 399 1278 mibi
420 1218 540 1295 quidem
559 1215 818 1293 plane'persuasit
831 1217 1047 1299 Hertzbergius
1064 1212 1192 1295 [quaest.

224 1303 313 1377 Prop.
336 1297 542 1380 213-223]‚
568 1303 620 1378 qui
646 1301 778 1376 priscum
803 1301 950 1360 librorum
971 1319 1130 1359 numemrm
1144 1319 1191 1359 re-

226 1385 327 1460 tinuit,
342 1386 460 1444 nullum
473 1388 593 1460 praeter
607 1385 738 1460 primum
758 1385 870 1444 librum
892 1386 930 1443 ab
950 1385 1017 1460 ipso
1031 1383 1191 1460 Propertio

225 1470 339 1528 editum
360 1465 463 1546 (quem
483 1468 604 1544 quidem
623 1469 714 1528 etiam
734 1471 947 1544 postmortem
967 1471 1072 1544 poetae
1088 1469 1194 1544 singil·

225 1555 311 1612 latim
327 1553 444 1628 saepius
458 1553 575 1612 venisse
590 1551 738 1612 Martialis
753 1553 927 1613 testimonio
942 1553 1023 1628 quod
1037 1571 1127 1628 supra
1141 1553 1192 1610 ad-

225 1639 320 1696 latum
342 1633 495 1714 apparet),
525 1637 656 1712 reliquos
686 1635 849 1695 amicorum
878 1637 957 1699 euris
979 1635 1091 1712 publici
1117 1637 1194 1696 iuris

225 1722 327 1794 factos,
339 1739 413 1796 quos
429 1720 587 1796 aliquando
603 1721 636 1780 in
650 1719 820 1796 digerendis
835 1721 1017 1780 carminibus
1032 1721 1194 1797 neglegen-

225 1807 316 1866 tiores
331 1804 423 1865 fuisse
438 1807 485 1864 sat
499 1807 584 1864 const
602 1807 625 1864 t.

290 1905 349 1966 sed
369 1908 470 1964 tamen
490 1907 571 1964 omni
591 1905 717 1982 pignore
738 1908 839 1981 potest
859 1904 1010 1964 adfirmari
1029 1908 1108 1964 certe
1128 1906 1192 1981 qui-

226 1989 281 2049 bus
303 1991 455 2065 optinetur
473 1990 551 2048 liber
570 1991 771 2064 paenultimus
792 1989 904 2066 elegias
924 1990 1046 2064 abipso
1067 1989 1193 2065 Proper·

225 2074 268 2132 tio
288 2074 356 2132 huic
376 2073 467 2131 fuisse
487 2073 623 2132 insertas.
653 2073 731 2132 Nam
750 2074 856 2149 nequis
880 2075 967 2148 putet
986 2073 1113 2149 elegiam
1135 2073 1191 2146 III,

229 2159 267 2216 13
289 2175 325 2214 ex
344 2157 518 2230 insequente
532 2156 685 2216 volumine
711 2153 803 2233 (quod
818 2157 922 2216 multis
936 2155 1046 2234 visum)
1062 2157 1095 2216 in
1108 2175 1193 2232 prae-

226 2240 333 2298 cedens
352 2240 523 2314 importuno
544 2258 614 2299 casu
635 2241 783 2315 delatam,
805 2261 840 2301 ea
854 2259 886 2300 rs
900 2241 1090 2317 prohibetur,
1114 2241 1195 2316 quod

226 2323 357 2382 metricis
376 2321 542 2382 rationibus
562 2324 650 2400 plane
672 2325 805 2400 priorem
827 2325 904 2384 libro
924 2325 1002 2398 ΙΙΠ,
1029 2327 1081 2400 qui
1100 2323 1192 2384 Lach-

227 2425 335 2466 manno
353 2407 450 2480 visus,
471 2407 563 2468 fuisse
583 2425 704 2468 carmen
718 2409 796 2467 illud
811 2407 846 2468 fit
859 2409 1023 2484 probabile.
1052 2407 1130 2467 Nam
1144 2412 1193 2468 ter

230 2487 269 2570 [v.
286 2491 335 2548 24.
351 2492 401 2550 40.
418 2486 470 2568 48]
487 2491 519 2550 in
538 2492 717 2567 pentametri
731 2492 791 2552 fine
806 2494 934 2552 recurrit
947 2493 1124 2552 vocabulum
1138 2492 1192 2568 hy-

227 2573 478 2650 perdisyllabum,
504 2581 600 2649 neque
627 2579 799 2636 excusatum
828 2577 904 2635 illud
931 2578 1051 2636 nomine
1072 2577 1193 2652 proprio

227 2660 276 2718 vel
296 2657 423 2732 Graeco3
447 2658 528 2732 quod
550 2661 653 2717 contra
673 2660 705 2718 in
717 2663 781 2720 toto
804 2661 881 2719 libro
896 2664 1001 2736 quarto
1022 2661 1128 2720 similis
1148 2662 1193 2719 in·

228 2743 393 2817 elegantiae
408 2741 467 2799 duo
482 2773 523 2782 -
537 2759 598 2800 non
612 2744 755 2817 plura-
770 2747 908 2820 prostant
928 2739 1063 2821 exempti
1084 2741 1125 2823 [3,
1142 2746 1192 2804 28.

230 2827 278 2898 19,
298 2820 359 2904 10].
387 2825 429 2883 Et
449 2824 569 2883 omnino
586 2824 664 2886 hune
678 2829 874 2903 posteriorem
888 2831 1023 2904 tempore
1038 2828 1193 2904 magisque

227 2910 411 2968 elaboratum
431 2926 487 2967 nec
506 2909 593 2968 facile
614 2911 651 2970 ab
676 2913 939 2987 interpolatoribus
964 2913 1133 2972 immixtum
1160 2931 1194 2971 ao

227 2994 381 3053 turbatum
397 2993 501 3053 alienis
517 2995 626 3054 clamat
640 2995 705 3069 ipsa
719 3015 860 3056 versuum
876 3015 932 3055 ars.
948 2995 991 3054 At
1004 2996 1194 3072 Hertzbergii

228 3079 394 3137 sententiae
408 3077 486 3136 illud
500 3077 590 3151 favet,
613 3079 693 3153 quod
713 3079 827 3156 fugisse
841 3079 1065 3138 Lachmannum
1080 3083 1111 3138 et
1124 3080 1194 3140 reli·

228 3180 301 3236 quos
317 3162 427 3220 mirum
443 3158 571 3237 (primus
585 3162 703 3222 notavit
720 3159 843 3242 [quaest.
856 3163 945 3239 Prop.
959 3183 1009 3240 pg.
1022 3159 1074 3242 32]
1090 3163 1195 3222 Heim·

143 3289 147 3296 .
227 3242 383 3322 reichius),
404 3245 537 3304 Nonium
557 3265 608 3322 pg.
627 3248 686 3306 169
708 3266 731 3305 ε.
746 3266 775 3306 v.
798 3248 956 3306 secundare
975 3248 1054 3306 hune
1074 3265 1196 3308 versum

229 3329 302 3386 ‘iam
317 3329 460 3400 liquidum
474 3333 575 3390 acetis
586 3349 663 3390 aare
673 3332 812 3392 secundet
822 3331 887 3391 iter’
901 3331 1065 3391 adscribere
1074 3331 1196 3393 disertis

226 3409 326 3471 verbis
346 3411 424 3471 libro
445 3411 506 3486 HI,
528 3432 588 3472 non
608 3413 671 3472 1111
694 3412 802 3492 (neque
822 3415 903 3474 enim
923 3416 995 3476 alibi
1015 3434 1157 3491 umquam
1178 3435 1198 3474 a

228 3495 430 3572 grammaticis
441 3495 474 3555 in
485 3497 641 3556 afferendis
652 3497 739 3558 buius
750 3501 856 3575 poetae
866 3500 966 3561 verbis
977 3502 1098 3561 notatus
1109 3499 1197 3560 volu-
