2632 4140
435 239 649 298 PRAEFATIO.
920 254 1022 305 xxvn

57 409 135 470 dixit
154 407 322 470 Deitarsins
341 407 374 466 in
392 406 496 466 libello
518 407 555 466 de
575 407 668 469 Musis
690 407 811 469 Bonnae
834 409 915 471 1868
942 411 1022 472 edito

122 579 164 638 ib.
182 579 222 638 23
237 593 355 639 munere
369 575 445 650 edd,
461 593 536 636 corr.
552 575 704 638 Heinsius.

121 663 164 722 ib.
181 663 220 722 26
240 664 330 723 eiiam
343 681 382 736 v,
403 661 484 736 quod
504 661 585 719 omni
599 663 685 720 vaeat
705 679 803 721 sensu.
833 661 955 738 Repone
968 669 1022 724 ete-

58 749 123 806 nim
137 765 196 822 qua
209 745 356 822 particula
368 763 440 805 usus
450 743 586 820 PropII,
596 747 624 818 7,
635 747 688 822 173
705 745 808 806 eadem
819 749 850 807 et
863 747 896 806 in
909 747 1021 809 melicis

58 831 179 890 Horatii
192 829 353 891 inuenitur.
398 866 402 874 ·
557 853 561 860 ·

123 913 180 989 III,
198 914 247 988 12,
264 915 304 984 15
319 914 374 974 lieu
388 913 532 986 Muretus,
548 930 563 973 e
577 913 642 974 edd.

123 999 166 1058 ib.
184 999 222 1056 17
245 999 317 1072 qaid
336 999 389 1058 tibi
409 997 594 1058 ioeundumst
614 999 696 1058 sienis
716 997 848 1059 habitere
868 1001 1022 1062 medeba?

58 1085 86 1144 si
102 1086 245 1156 puer‘esr,
260 1083 317 1142 alto
331 1083 419 1142 traice
432 1081 497 1142 velo
518 1087 579 1142 tua.
609 1081 666 1142 Hie
680 1083 749 1141 ante
764 1082 864 1142 omnia
877 1102 1021 1162 reponen-

60 1167 134 1225 dum
148 1167 208 1240 qui.
236 1165 330 1226 Porro
344 1184 400 1242 pro
419 1165 527 1225 codicis
543 1165 603 1240 opt‘
640 1166 646 1179 '
670 1165 817 1242 scriptura
830 1168 858 1227 si
872 1185 951 1242 puer
971 1174 1020 1243 est,

59 1269 137 1326 quae
152 1253 184 1309 et
198 1251 231 1309 in
245 1249 292 1308 ed.
307 1249 381 1326 Reg.
396 1249 531 1322 habetur,
548 1249 691 1325 scripsere
706 1249 840 1326 plerique
856 1249 1021 1329 Groninga·

59 1354 134 1393 num
158 1334 269 1393 librum
294 1335 388 1394 secuti
413 1337 440 1394 si
458 1334 558 1408 pudor
575 1339 629 1407 est,
655 1334 884 1410 interpolatione
910 1340 1020 1412 aperta.

61 1419 141 1476 Nam
155 1418 216 1478 nisi
230 1419 394 1494 antiquitus
407 1417 552 1476 traditum
567 1417 673 1476 fuisset
686 1417 762 1476 illud
770 1437 856 1492 puer,
871 1420 922 1480 vix
936 1439 969 1480 ao
983 1440 1020 1480 ne

61 1504 112 1562 vix
127 1501 247 1578 quidem
261 1502 293 1561 in
307 1501 336 1560 N
350 1520 406 1578 pro
419 1503 476 1562 teta
491 1501 634 1578 seriptum
655 1505 734 1562 esset
747 1503 856 1577 puella.
886 1503 1021 1580 Apparet

62 1589 154 1645 etiam
168 1605 221 1646 eur
234 1587 401 1644 mutaretur
414 1585 491 1646 illud
504 1588 531 1646 si
545 1603 623 1660 puer
637 1591 687 1655 est,
702 1588 734 1644 at
747 1605 808 1646 non
821 1587 953 1662 perinde,
970 1607 1021 1648 eur

62 1671 199 1728 alterum.
225 1670 290 1728 lam
303 1669 361 1730 etsi
374 1669 612 1746 frequentissime
626 1669 779 1728 invenitur
794 1672 878 1745 quasi
892 1671 1021 1731 formula

61 1754 188 1830 quadam
207 1757 235 1814 si
250 1755 349 1828 perdor
370 1759 424 1822 esi,
444 1753 500 1812 hoe
522 1755 624 1812 tamen
645 1753 710 1812 loeo
729 1753 860 1828 priorem
879 1775 907 1814 v.
928 1757 1020 1832 respi-

62 1839 153 1898 eienti
172 1855 235 1898 non
254 1839 312 1898 erit
331 1838 454 1897 dubium
474 1837 547 1912 quin
561 1836 728 1910 Propertio,
749 1837 775 1896 ei
789 1840 857 1912 apte
871 1838 964 1898 vellet
977 1841 1020 1899 lo·

63 1923 122 1997 qui,
144 1923 244 1998 potius
265 1921 357 1981 fuerit
376 1921 533 1980 dicendum
552 1922 580 1981 st
598 1921 687 1993 sapis.
716 1919 821 1994 ltaque
840 1921 969 1996 perbene
990 1925 1021 1984 et

62 2006 186 2066 minima
198 2006 363 2066 mutatione
377 2004 574 2064 Baehrensius
587 2006 608 2072 i,
618 2021 703 2077 puer,
718 2005 772 2063 en!
791 2005 849 2064 alio
863 2007 952 2066 traice
965 2007 1021 2068 tela

61 2096 131 2161 tum·
152 2109 222 2150 nam
240 2108 257 2152 a
275 2109 312 2149 ex
330 2091 430 2166 priore
450 2109 479 2150 v.
500 2087 646 2161 adhaesit,
668 2105 705 2148 err
724 2090 755 2146 et
768 2093 809 2148 esi
823 2088 927 2148 eodem
942 2109 1019 2150 oom-

61 2175 169 2250 pendio
191 2177 356 2234 exarantur.
395 2173 465 2249 Ipse
484 2175 584 2232 antem
609 2190 692 2232 casus
706 2173 870 2248 ¹voeativus
893 2175 1020 2236 orationi
1099 2195 1111 2218 ⁰

61 2278 136 2334 quae
151 2261 238 2318 antea
251 2259 307 2318 tali
321 2257 440 2318 carebat
453 2276 597 2334 perquam
612 2259 707 2332 aptus.
760 2333 762 2338 ,

39 2351 43 2358 '
124 2343 180 2417 ΠΙ,
198 2345 246 2416 13,
263 2341 636 2412 remuneremini.

124 2428 165 2486 ib.
182 2429 221 2487 38
235 2428 339 2499 floreret
353 2427 441 2500 docti,
456 2425 576 2498 fumant
591 2423 655 2483 edd.

123 2511 164 2570 ib.
180 2511 220 2570 47
236 2513 284 2576 eui
297 2511 458 2584 Liuineius,
473 2513 500 2570 si
513 2509 591 2583 Itali,
608 2510 673 2582 quis
686 2513 747 2568 ium
762 2508 843 2586 edd.;
859 2513 907 2572 eui
919 2513 946 2573 si
960 2516 1020 2572 ium

60 2597 163 2671 lorpes
178 2595 346 2656 Sentenius.
1044 2621 1047 2628 ⁴

122 2680 164 2738 ib.
180 2680 221 2740 49
241 2697 303 2740 uon
321 2680 369 2740 ilie
388 2677 537 2740 Aaronem·
556 2680 672 2739 viduari
692 2695 796 2753 eorpus
815 2679 941 2739 berneri.
965 2679 1020 2738 Su·

60 2766 196 2839 spectum
214 2764 328 2824 fraudis
347 2783 526 2840 pronomen,
548 2781 615 2822 eum
636 2763 714 2822 absit
728 2763 765 2822 ab
780 2763 810 2822 N
822 2781 918 2840 neque
933 2781 1020 2824 eausa

59 2848 194 2908 defectus
218 2850 368 2925 appareat.
398 2849 519 2924 Repone
539 2847 615 2906 illud
638 2852 705 2915 aut,
721 2845 804 2922 quod
823 2867 914 2924 quam
933 2848 1020 2908 faeile

58 2933 194 3008 potuerit
208 2932 361 2993 absorberi
376 2935 518 3008 sequente
533 2935 586 2992 ani
599 2948 686 2990 nemo
701 2948 762 2988 non
776 2931 867 2990 videt.

122 3017 163 3076 ib.
180 3017 220 3076 53
235 3014 368 3077 Arionem
383 3015 445 3076 GN
458 3015 542 3092 Reg,
559 3015 638 3090 quod
652 3013 770 3090 reduxi,
786 3014 823 3073 ef.
836 3014 864 3073 d.
874 3034 899 3074 r.
912 3035 952 3074 m.
968 3033 1018 3092 pg.

60 3102 138 3174 1093
153 3099 269 3161 Probus
284 3121 330 3178 gr.
344 3101 397 3160 lat.
412 3100 483 3176 1111,
502 3101 571 3159 121.

121 3185 164 3244 ib.
186 3185 226 3244 55
246 3186 305 3246 illie
324 3185 485 3258 formosiore
503 3188 640 3247 roeitusse
658 3185 836 3260 pabrdibua
857 3183 916 3242 illie
940 3181 1019 3256 Itab,

55 3270 115 3330 ales
130 3267 210 3344 NG,
231 3269 311 3328 idem
331 3270 402 3328 libri
415 3271 555 3341 innuisse·
576 3269 655 3344 quod
669 3270 769 3343 inepte
783 3265 896 3342 pariter
910 3283 943 3325 ae
956 3266 1020 3328 lan-

55 3353 149 3429 guide
173 3352 232 3412 diei
245 3353 435 3414 Lachmanno
456 3355 543 3430 plane
563 3353 727 3425 adsentior,
753 3351 811 3411 etsi
835 3350 1020 3410 eonieeturae

54 3437 458 3598 1111111111ᾶέἕὲ
469 3435 1020 3584 illisi‘rititrlilil
