2598 4136
105 245 176 302 arri.
204 308 207 314 ¹
472 244 638 304 sarissa

103 405 274 472 Sideulosam
297 407 488 472 sustinemus
511 409 686 474 aestatem?

101 489 205 575 Parum,
227 491 312 576 quod
333 493 416 556 imos
460 493 598 557 erfluunt
619 494 707 560 sinus
729 494 862 578 imbres,

100 574 133 637 st
149 576 177 639 in
195 576 325 661 capillos
387 598 428 640 an
453 577 459 590 '
485 598 518 640 es
542 577 660 642 eadunt
680 582 809 644 nostros

99 657 229 744 lligelque
251 661 330 724 duro
375 661 450 725 arba
470 661 578 724 vineta
600 662 764 747 crysia1103

100 741 206 828 Parum,
228 743 314 828 quod
336 747 406 808 aeia
427 745 486 809 sub
508 744 671 810 laboribus
692 747 762 812 lues

98 824 189 891 Parem
208 828 317 892 diebus
339 828 475 912 pervigil
496 828 589 892 traho
611 832 747 895 noctem.

98 907 153 974 Huc
172 912 263 996 adde,
287 912 372 996 quod
393 933 445 976 me
467 911 562 976 vilem
585 915 617 977 ei
638 935 656 977 e
677 913 748 978 rudi
769 915 854 980 fuste

98 991 190 1059 Manus
211 997 279 1061 sine
301 999 369 1060 arie
390 995 526 1061 rusticae
548 997 735 1061 dolaverunt
740 1048 749 1080 ,
1003 1011 1036 1062 10

97 1073 167 1142 Inter
185 1102 222 1145 ue
245 1084 378 1145 cunctos
398 1079 547 1144 ultimum
568 1080 645 1145 deos
666 1103 785 1146 numan

98 1158 181 1226 ducar
201 1165 317 1230 starum
339 1164 464 1250 ligneus
487 1184 583 1229 vocor
606 1166 722 1230 eustos.

96 1244 206 1312 decedii
226 1249 297 1313 istis
319 1247 524 1332 inpudentiae
545 1249 689 1333 signum,

96 1325 257 1397 libidinosa
279 1335 370 1396 tenta
390 1333 530 1416 pyramis
551 1353 659 1398 nervo.

95 1412 134 1476 Ad
152 1414 223 1481 haee
243 1416 366 1500 puella,
388 1437 489 1499 paene
510 1436 628 1480 nomen
650 1417 765 1501 adieci,

96 1494 167 1562 dolel
186 1501 291 1564 venire
314 1521 385 1564 eum
408 1521 465 1563 suo
487 1500 636 1565 fututore.

97 1577 149 1653 Quo
168 1587 215 1648 toi
235 1577 371 1668 figuras,
395 1587 475 1666 quel
494 1582 656 1649 Philaenis
679 1589 820 1670 enarras,

95 1660 154 1729 Non
173 1667 329 1732 adnuente
351 1667 496 1751 pruriosa
518 1667 659 1733 discedit.

478 1814 630 1824 -ι-ι-υ

476 1905 622 1979 LXIIII.

93 2023 206 2098 Quidam
227 2027 358 2094 mollior
380 2027 499 2092 anseris
521 2026 659 2092 medulla
765 2043 773 2056 ·

92 2106 221 2177 surarum
243 2113 334 2177 venii
354 2110 416 2176 hue
439 2132 545 2176 amore
565 2131 696 2208 poenae.

91 2188 205 2261 daretur
225 2198 305 2262 lieet
325 2217 439 2280 usque:
461 2216 528 2259 non
549 2195 672 2260 videbo.

482 2341 627 2354 ——n—

496 2433 604 2508 LXV.

88 2550 135 2620 Hie
154 2558 227 2642 libi,
253 2557 310 2642 qui
330 2559 434 2621 rostro
459 2556 632 2620 crescentia
654 2556 721 2621 lilia
742 2557 838 2641 rosit,

118 2639 263 2707 Caeditur
288 2663 304 2706 e
326 2640 433 2724 tepida
454 2640 584 2705 victima
603 2661 719 2725 porcus
744 2641 831 2706 hara.

87 2718 124 2786 Ne
141 2728 249 2790 lamen
274 2726 456 2790 exanimum
476 2724 575 2789 facias
596 2746 693 2809 pecus
715 2746 825 2809 omne,
847 2724 976 2810 Priape,

115 2806 203 2875 Harii
227 2811 275 2874 sii
295 2808 429 2893 posthae
450 2808 545 2872 ianua
567 2807 673 2873 clausa
693 2809 750 2874 tui.

488 3025 614 3130 axii.

82 3169 130 3259 lu,
150 3201 251 3263 quse,
277 3199 319 3242 na
339 3175 448 3242 videas
469 3182 580 3243 nolam
601 3179 740 3260 virilem,

80 3254 149 3326 Hine
169 3263 344 3346 averteris,
366 3265 403 3325 ui
425 3261 515 3326 desei
535 3261 699 3346 pudieam,
820 3281 823 3288 ·

79 3337 261 3412 Nimirum
285 3383 327 3392 -
348 3345 425 3428 nisi,
449 3345 534 3430 quod
555 3345 649 3409 limes
671 3343 793 3426 videre,

78 3421 150 3496 Intra
169 3434 303 3498 viscera
324 3428 440 3494 habere
462 3429 668 3512 consupisais.
786 3499 787 3504 ἵ

476 3567 628 3579 Μ
