2632 4140
249 193 271 258 2
631 199 824 254 PROPERTII

355 361 454 427 Posse
477 361 627 444 Cytaines
650 361 763 426 ducere
786 360 990 428 carminibus.

264 460 297 509 25
312 450 378 512 Aut
398 467 466 530 vos,
489 447 543 529 qui
566 466 636 530 sero
658 445 784 529 lapsum
805 447 973 527 revocatis,
996 445 1100 529 amici,

357 530 504 606 Quaerite
525 551 593 594 non
614 529 683 592 sani
705 529 842 612 pectoris
865 529 991 593 auxilia.

313 613 452 680 Fortiter
474 618 507 679 et
527 615 646 678 ferrum
668 633 779 677 saevos
800 613 958 696 patiemur
979 616 1012 677 et
1032 613 1137 698 ignes,

357 699 406 764 Sit
426 697 521 762 modo
543 697 673 760 libertas
695 718 775 780 quae
796 697 874 762 velit
894 697 942 760 ira
963 697 1059 780 loqui.

314 783 408 848 Ferte
430 803 487 866 per
509 784 666 846 extremas
688 784 802 866 gentes
824 784 857 844 et
877 781 958 845 ferte
979 803 1037 864 per
1058 781 1173 866 undas,

264 881 299 930 80
356 866 425 943 Qua
445 887 512 930 non
533 865 599 930 ulla
619 887 726 930 meum
746 865 867 929 femina
886 865 974 929 norit
995 865 1064 930 iter.

314 949 381 1016 Vos
402 953 573 1033 remanete,
596 949 711 1033 quibus
732 948 820 1014 facili
841 949 918 1014 deus
940 949 1052 1014 adnuit
1074 971 1161 1034 aure,

357 1035 438 1110 Sitis,
455 1038 488 1100 et
508 1035 544 1098 in
563 1037 634 1098 tuto
656 1054 781 1117 semper
802 1053 909 1098 amore
930 1055 1032 1118 pares,

313 1119 354 1185 In
374 1140 425 1183 me
446 1121 557 1184 nostra
578 1117 688 1184 Venus
708 1121 820 1181 noctes
842 1121 967 1182 exercet
988 1139 1121 1200 amaras,

356 1203 401 1268 Et
419 1204 509 1268 nullo
531 1224 648 1267 vacuus
670 1205 812 1285 ternpore
834 1201 911 1266 defit
923 1222 1029 1266 amor.

265 1301 300 1358 aa
313 1287 393 1370 Hoc,
408 1308 533 1370 moneo,
547 1287 646 1351 vitate
667 1286 800 1350 malum:
823 1307 880 1349 sua
894 1307 1049 1370 quemque
1070 1289 1217 1352 moretur

322 1401 325 1407 ¹
357 1369 449 1454 Ocra,
470 1391 572 1454 neque
594 1370 725 1435 adsueto
746 1372 849 1434 mutet
870 1391 977 1435 amore
999 1371 1114 1435 locum.

315 1455 407 1531 Quod
429 1455 528 1538 siquis
549 1454 680 1519 monitis
701 1453 809 1518 tardas
831 1453 1002 1519 adverterit
1022 1476 1124 1539 aures,

355 1537 428 1604 Heu
450 1537 567 1605 referet
588 1538 827 1622 quantoverba
848 1537 956 1603 dolore
978 1541 1062 1604 mea!

655 1667 808 1677 ——-

704 1752 751 1825 Π.

313 1875 397 1953 Quid
418 1877 506 1941 iuvat
527 1878 639 1940 ornato
661 1875 841 1960 procedere,
863 1875 938 1955 vita,
951 1877 1078 2022 capillo

355 1959 399 2025 Et
419 1964 530 2025 tenues
553 1959 620 2034 Coa
641 1963 728 2024 veste
749 1980 876 2024 movere
898 1960 986 2024 sinus

312 2046 381 2109 Aut
401 2045 477 2128 quid
499 2044 639 2109 Orontea
661 2045 763 2108 crines
785 2043 973 2127 perfundere
995 2065 1112 2128 murra,

355 2127 462 2211 Teque
483 2128 661 2212 peregrinis
681 2126 818 2191 vendere
839 2127 1033 2209 muneribus,

284 2211 519 2309 cNaturaeqne
541 2211 636 2276 decus
657 2215 797 2276 mercato
819 2211 950 2296 perdere
973 2213 1061 2276 cultu

342 2295 423 2362 'Nec
446 2317 548 2360 smera
570 2295 605 2360 in
625 2295 764 2380 propriis
786 2295 929 2360 membra
950 2296 1052 2360 nitere
1073 2295 1191 2362 bonis?

313 2379 414 2446 Crede
436 2379 523 2458 mihi,
546 2400 613 2444 non
634 2379 700 2444 ulla
720 2383 827 2446 tuaest
847 2379 1005 2444 medicina
1025 2379 1162 2464 figurae:

355 2463 469 2529 Nudus
490 2463 592 2529 Amor
612 2464 734 2529 formae
755 2485 823 2528 non
844 2469 930 2528 amat
951 2463 1116 2529 artificem.

275 2573 284 2590 ·
312 2548 359 2612 As
383 2548 431 2612 icc
453 2569 516 2632 quo
538 2548 706 2613 submittat
725 2547 842 2614 humus
862 2548 1003 2612 formosa
1024 2547 1157 2612 colores.

264 2645 297 2694 10
353 2569 397 2696 ht
418 2631 548 2696 veniant
568 2631 704 2696 hederae
726 2634 839 2716 sponte
861 2654 918 2696 sua
938 2633 1062 2714 melius,

312 2715 373 2780 Sur
396 2717 431 2779 at
451 2718 483 2780 et
504 2716 540 2780 in
560 2716 638 2780 solis
658 2716 784 2781 felicius
806 2716 936 2780 arbutus
958 2717 1075 2799 antris*

292 2824 295 2829 ·
383 2801 399 2862 t
420 2799 499 2863 sciat
519 2799 673 2864 indociles
696 2821 820 2866 currere
842 2799 973 2884 lympha
993 2800 1072 2868 vias.

311 2882 437 2950 Littera
457 2883 573 2948 nativis
594 2885 779 2968 praelucent
799 2884 886 2968 picta
908 2884 1026 2967 lapillis

352 2967 397 3039 Et
417 2967 561 3032 volucres
582 2969 673 3032 nulla
694 2967 816 3044 dulcius
839 2970 905 3032 arte
928 2971 1055 3032 canunt.

264 3066 294 3114 15
309 3052 385 3117 Non
408 3051 453 3116 sic
474 3051 643 3136 Leucippis
666 3051 831 3117 succendit
852 3050 986 3117 Castora
1006 3051 1144 3135 Phoebe,

352 3136 517 3201 Pollucem
539 3136 626 3201 cultu
646 3157 714 3200 non
734 3135 859 3199 Hilaira
879 3157 979 3219 soror,

310 3220 396 3304 Non,
418 3219 494 3285 Idae
516 3223 548 3286 et
569 3220 683 3304 cupido
705 3219 865 3304 quondam
891 3219 1048 3284 discordia
1068 3218 1207 3301 Phoebe,

352 3303 457 3368 Eueni
477 3305 589 3388 patriis
610 3304 677 3368 filia
697 3303 854 3387 litoribus,

310 3387 380 3454 Nec
401 3387 579 3472 Phrygium
600 3387 682 3452 falso
704 3388 802 3452 traxit
823 3387 959 3452 candore
981 3389 1129 3453 maritum

261 3483 295 3534 20
351 3472 474 3536 Avecta
495 3471 633 3536 externis
655 3471 869 3556 Hippodamia
890 3472 984 3558 rotis;
