2666 4138
494 170 708 228 PRAEFATIO.
730 171 733 173 ’
1023 186 1076 238 v11

107 340 299 418 apertissime
314 355 381 398 cum
396 339 552 397 attulerint
565 338 690 413 Keilius‚
711 337 938 416 Heimreiehius,
953 340 1073 403 Laetio-

107 425 233 499 hanncs,
249 441 398 498 apponere
412 423 475 498 ipse
491 423 678 498 supersedeo.

174 507 240 567 Iam
254 507 411 567 dicendum
428 506 464 564 de
479 505 578 566 codiee
592 508 665 566 olim
675 507 881 584 Neapolitano,
892 527 972 568 nunc
985 509 1074 570 Guel-

108 593 275 667 ferbitan03
292 591 344 667 qui
358 609 537 666 quemquam
550 589 640 667 longe
661 594 781 666 superat
799 592 931 652 bonitate
948 592 1075 654 Gronin·

110 695 238 753 ganum,
260 677 440 747 esttamen,
462 675 514 734 ubi
533 676 564 734 et
584 674 647 750 ipse
668 677 806 735 teneatur
825 676 946 736 fraudis.
983 675 1075 738 Cuius

110 761 249 835 exempla
267 757 394 818 maxime
410 759 566 818 observavi
579 757 659 817 haec.

175 844 302 920 Legitur
321 843 354 902 in
376 841 422 915 11,
439 843 473 914 3,
491 841 530 899 22
550 845 684 902 terminu
704 861 777 917 quoe
797 845 891 918 quiuis
910 863 973 905 nore
987 849 1077 919 putot

111 945 207 1002 aequo
220 929 299 996 suts;
319 944 356 985 ex
370 944 428 1002 quo
443 925 523 1001 quod
537 925 665 986 confecit
680 926 812 1004 Scaliger
825 931 1014 1003 armumque
1028 947 1076 990 oc·
1151 949 1154 956 “

111 1013 231 1086 quoeris
249 1010 422 1086 potissimus
444 1009 567 1085 quisque
588 1009 758 1070 criticorum
777 1011 885 1070 merito
899 1013 1074 1072 reiecerunt.

110 1096 161 1155 Ibi
174 1093 304 1154 habet&
324 1113 378 1168 pro
399 1095 494 1168 quius
512 1093 589 1152 illud
603 1095 707 1169 brues,
723 1095 803 1170 quod
816 1096 994 1155 vocabulum
1009 1115 1076 1155 cum

112 1179 264 1250 estnihil,
284 1178 368 1237 nulls
387 1177 617 1254 interpolatione
631 1178 731 1253 potuit
745 1197 809 1238 esse
824 1181 932 1241 ortum.
962 1179 1003 1238 Et
1016 1180 1075 1255 pri-

111 1263 182 1323 dem
197 1263 370 1322 restitutum
390 1265 436 1321 est
455 1261 535 1336 quod
554 1262 673 1338 scripsit
686 1261 860 1338 Propertius
874 1263 1010 1324 Ertwruc
1023 1282 1075 1323 no-

110 1366 193 1407 men.
223 1345 368 1405 Similiter
387 1345 542 1422 proprium
563 1347 740 1406 vocabulum
760 1347 858 1406 fraudi
876 1347 936 1406 fuit
955 1347 1076 1407 librario

111 1431 179 1491 eod.
194 1429 223 1488 N
236 1428 274 1503 V,
293 1432 341 1503 10,
360 1431 387 1503 1,
403 1429 455 1488 ubi
469 1448 524 1505 pro
538 1430 652 1490 Feretri
666 1431 786 1490 exhibet
799 1431 896 1504 fulcri,
910 1433 942 1490 et
956 1431 1077 1508 quidem

111 1517 205 1576 solus.
232 1513 368 1572 Tertium
382 1513 531 1574 liberioris
546 1515 721 1574 mutationis
732 1515 900 1591 exemplum
914 1515 1075 1590 habes-HI,

112 1599 166 1672 32,
182 1599 222 1658 33
238 1617 282 1674 sq.
297 1597 350 1656 ubi
364 1600 435 1658 sunt
448 1598 480 1670 in
494 1596 521 1656 G
535 1598 624 1658 haec:-

198 1683 263 1758 ipss
277 1679 379 1741 Venus
394 1681 529 1757 quamvis
543 1685 682 1758 corrupta
694 1683 819 1741 libidine
840 1681 947 1744 Martis

198 1783 253 1826 nec
266 1766 365 1826 minus
379 1765 412 1826 in
426 1766 506 1825 caelo
522 1784 638 1841 semper
651 1765 775 1826 honesta
788 1765 856 1824 fuit.

110 1849 197 1910 Illud
214 1867 267 1910 uec
292 1867 359 1909 cum
378 1868 440 1910 non
458 1849 649 1925 intellegeret
669 1850 765 1909 scribe
790 1849 994 1925 accipiendum
1014 1867 1077 1910 osse

51 1988 60 1998 ,
110 1953 170 2011 per
187 1934 305 1994 schema
323 1934 404 2009 quod
425 1933 534 1992 dicitur
555 1929 621 1994 ἀπὸ
641 1933 753 1994 κοινοῦ
778 1933 897 2008 scripsit
921 1933 953 1992 in
978 1933 1078 2008 priore

111 2037 205 2079 versu
235 2035 333 2078 cressa
360 2017 496 2078 Minerva
524 2036 579 2092 pro
610 2019 742 2091 quumvis
768 2017 869 2089 fertur.
920 2015 1079 2076 Praeterea

111 2102 300 2162 considerato
315 2101 389 2160 mihi
402 2101 467 2161 hoo.
495 2101 533 2160 Iu
546 2101 601 2175 IH,
618 2103 667 2175 30,
686 2104 724 2160 19
746 2119 813 2160 cum
831 2101 1008 2178 archetypus
1023 2120 1078 2176 pro

110 2205 150 2246 eo
172 2185 252 2261 quod
271 2187 317 2246 est
335 2203 410 2245 mun
428 2185 566 2246 videatur
585 2185 752 2246 exhibuisse
772 2203 834 2246 rrorc
852 2185 902 2246 uel
916 2203 996 2246 muro
1011 2183 1078 2262 (hae

111 2271 238 2332 uoculae
252 2269 417 2329 innumeris
436 2269 509 2329 locis
523 2269 613 2345 Prop⁴
629 2271 708 2328 inter
723 2288 754 2329 se
769 2267 931 2345 contusae),
953 2287 1079 2344 cumque

109 2355 192 2414 illud
211 2357 273 2414 iam
291 2353 372 2428 quod
390 2353 525 2429 sequitur
544 2353 642 2413 minus
662 2353 749 2412 facile
764 2355 843 2413 esset
857 2353 1077 2429 adlegandum,

111 2439 140 2498 is
162 2438 214 2512 qui
235 2436 262 2496 G
282 2437 400 2512 scripsit
419 2437 550 2498 servavit
567 2439 668 2496 tamen
687 2437 719 2495 id
733 2436 813 2512 quod
827 2455 932 2496 rerum
946 2438 993 2495 est
1006 2454 1080 2496 rrum

111 2525 179 2582 iam
192 2523 264 2580 dere
272 2537 375 2596 puras,
386 2520 445 2580 nisi
460 2521 540 2596 quod
552 2521 643 2580 hebet
656 2539 737 2582 wenc
750 2523 781 2580 et
795 2522 880 2590 duro,
897 2521 973 2580 siout
987 2523 1033 2580 est
1046 2521 1080 2581 in

111 2605 165 2666 ed.
179 2605 253 2681 Reg.
272 2623 346 2665 uror
365 2607 427 2664 ium
446 2606 519 2664 darre
538 2623 641 2680 porus.
671 2605 713 2664 At
733 2605 826 2680 Neap.
842 2605 996 2677 librarius,
1012 2622 1080 2662 cum

110 2689 147 2749 id
168 2688 248 2764 quod
268 2691 314 2748 est
333 2691 395 2749 tom
413 2689 472 2764 ipsi
491 2689 642 2748 videretur
656 2691 757 2765 potius
777 2707 841 2748 esse
856 2683 931 2758 taff,
950 2687 1079 2764 pessime

111 2772 287 2832 recordatus
308 2792 336 2832 v.
354 2773 392 2830 27
415 2791 439 2831 c.
458 2774 495 2830 19
517 2773 538 2830 l.
554 2772 617 2831 IIII
631 2773 743 2832 invexit
757 2773 833 2831 illud
847 2774 1080 2832 auctomento·

112 2859 225 2918 Μονῆο.
255 2855 415 2916 Praeterea
435 2858 559 2932 apparet
572 2856 606 2914 in
619 2855 656 2929 V,
674 2859 702 2930 7,
718 2857 758 2917 85
774 2857 873 2916 minus
887 2857 1012 2918 licenter
1025 2857 1080 2913 im·

112 2943 266 3000 mutatum
283 2941 365 3017 quod
388 2941 478 3000 hebet
493 2939 519 3000 G
535 2939 700 3015 prcctiou
713 2943 786 3000 toret
799 2941 959 3018 buc-oureus
974 2935 1079 3014 (simil-

113 3027 189 3084 lime
204 3024 304 3084 Puooii
323 3025 400 3084 liber
419 3027 450 3084 et
471 3024 516 3084 ed.
536 3021 641 3102 Reg.)‚
664 3042 753 3100 quum
773 3023 853 3100 quod
873 3022 972 3082 estin
991 3021 1021 3078 N
1039 3025 1082 3082 stt

114 3109 253 3170 Tiburno
267 3113 341 3170 iacet
354 3111 400 3170 bic
414 3127 515 3170 aureo.
1141 3181 1142 3184 Ἴ

179 3193 236 3254 Est
250 3194 341 3252 etism
355 3194 407 3252 ubi
422 3196 547 3269 uterque
563 3193 654 3252 codex
669 3193 786 3252 diverso
798 3189 919 3264 quidem
929 3187 1017 3248 modo
1032 3206 1081 3248 ex·

111 3279 219 3354 pertus
240 3279 281 3337 sit
302 3277 542 3353 interpolatores.
578 3275 668 3334 Ouius
692 3275 736 3334 rei
761 3273 931 3348 exemplum
955 3273 1083 3334 habetur

111 3361 171 3435 111,
195 3361 250 3436 15,«
266 3361 318 3420 49.
348 3361 395 3420 Ibi
416 3378 483 3421 oum
503 3359 668 3436 antiquitus
688 3362 767 3418 esset
786 3357 932 3418 traditum
952 3361 985 3418 tu
998 3358 1082 3417 modo

111 3447 187 3510 dum
201 3447 264 3507 lieet
278 3445 408 3518 fructum
427 3463 464 3508 ce
478 3447 572 3508 desere
586 3445 662 3504 ritae
678 3440 734 3522 (ite
748 3440 846 3522 Reg.)‚
862 3443 889 3504 is
904 3443 955 3521 qui
969 3443 998 3503 N
1013 3441 1083 3502 scri·
