2632 4140
138 183 171 253 1.]
524 182 631 236 urana
652 183 688 239 11.
1046 177 1088 243 23

6 299 26 457 ,l
124 343 157 409 N
158 366 209 408 am
217 295 373 428 ¹quotiens
386 343 544 408 Mutinam
559 348 615 410 aut
630 345 736 410 civilia
750 346 844 410 busta
857 344 1025 430 Phihppcs

167 429 236 494 Aut
257 426 550 498 caneremSiculae
574 430 705 494 classica
726 429 810 494 bella
830 429 926 514 fugae

6 505 8 574 l
124 509 326 596 Eversosque
344 510 434 576 focos
457 512 605 596 antiquae
626 514 732 599 gentis
754 514 908 578 Etruscae

5 673 8 788 l
124 679 192 744 Aut
214 701 360 744 canerem
381 682 539 764 †eyptum
561 684 594 746 et

5 819 28 876 g

167 597 233 660 Aut
253 595 450 660 Ptolomaeei
473 596 583 660 littora
604 619 641 662 ca
663 601 697 661 ta
718 597 829 680 Phari,
1055 611 1089 662 30

614 621 743 766 Nllum,
766 704 837 748 cum
858 684 978 746 tractus
1001 682 1035 746 in
1075 755 1077 759 Α

732 767 844 830 urbem

168 849 298 934 Septem
320 849 454 934 captivis
477 849 590 915 debilis
605 851 680 924 ¹ibat
701 851 806 936 aquis,

123 934 193 998 Aut
214 945 326 1018 'regum
348 934 468 998 auratis
491 935 686 999 circumdata
706 936 789 1000 colla
810 936 945 1017 catenis,

167 1018 323 1100 Actiaque
344 1018 380 1082 in
402 1017 499 1082 Sacra
520 1041 644 1084 currere
666 1023 770 1083 rostra
791 1018 867 1102 Via,

124 1100 171 1165 Te
192 1123 264 1166 mea
285 1101 378 1166 Musa
397 1102 463 1166 illis
485 1123 611 1187 semper
631 1105 815 1168 contexeret
836 1103 947 1186 armis,
1054 1115 1088 1164 ³5

168 1185 211 1249 Et
233 1187 360 1269 sumpta
382 1189 415 1250 et
434 1187 540 1270 posita
560 1209 638 1284 pace
660 1187 752 1252 fidele
774 1209 812 1251 ca
835 1191 879 1251 ut.

124 1268 267 1334 Theseus
289 1269 439 1353 infernis,
462 1291 584 1356 superis
605 1273 741 1338 testetur
763 1272 811 1336 Ac
838 1271 844 1284 '
872 1291 920 1354 es,

167 1352 231 1418 Hic
252 1351 436 1438 Ixioniden,
457 1354 514 1419 ille
535 1355 769 1420 Menoetiaden.

125 1437 190 1503 Sed
210 1459 314 1522 neque
328 1437 523 1524 Phlegraeos
537 1437 624 1504 Iovis
639 1433 855 1522 Enceladique
876 1439 1031 1503 tumultus

168 1520 300 1586 Intonat
321 1525 458 1608 angusto
479 1525 608 1606 pectore
631 1522 859 1606 Callimachus,
1054 1535 1088 1584 40

124 1605 193 1670 Nec
215 1627 287 1670 mea
308 1607 504 1671 conveniunt
524 1607 603 1672 duro
625 1607 812 1690 praecordia
832 1629 926 1672 versu

170 1688 315 1755 Caesaris
337 1691 372 1754 in
392 1689 479 1774 Phry
506 1691 552 1755 'cs
574 1691 709 1756 condere
730 1712 849 1756 nomen
870 1712 955 1756 avos.

5 1836 7 1845 ,
124 1772 245 1838 Navita
267 1774 306 1838 de
327 1775 446 1858 ventis,
492 1796 509 1839 e
529 1775 628 1838 tauris
650 1777 759 1838 narrat
780 1777 900 1858 arator,

167 1856 344 1922 Enumerat
364 1859 457 1923 miles
479 1859 624 1941 volnera,
647 1861 756 1943 pastor
778 1879 852 1922 oves
858 1907 867 1939 ,

125 1941 196 2007 Nos
219 1945 332 2006 contra
353 1945 490 2040 angusto
512 1944 669 2040 uersantis
690 1942 813 2028 proeha
834 1943 933 2039 lecto:
1055 1955 1088 2006 45

170 2024 241 2124 Qua
258 2029 334 2110 pote
357 2047 504 2111 qumque,
526 2049 561 2090 111
584 2049 620 2091 ea
642 2028 786 2091 conterat
808 2029 874 2090 arte
897 2026 990 2090 d1em.

5 2116 10 2193 ξ
126 2109 209 2175 Laus
230 2133 267 2174 111
287 2132 395 2175 amore
416 2112 513 2194 mori,
535 2111 604 2176 laus
626 2111 741 2196 altera,
764 2111 792 2175 si
813 2109 906 2175 datur
927 2131 992 2174 unc

79 2937 115 3110 ll

0 3187 1 3198 ,
127 3120 233 3186 'l'arda
253 3120 449 3186 Philoctetae
471 3121 595 3186 sanavit
616 3142 707 3186 crura
728 3119 902 3202 Machaon,

170 3203 338 3270 Phoenicis
361 3204 483 3271 Ohiron
504 3205 626 3270 lumina
646 3202 852 3287 Phillyrides,
1056 3215 1093 3266 cc

125 3289 172 3356 Et
193 3288 270 3354 deus
292 3290 468 3355 extinctum
490 3288 611 3355 theosis
632 3286 826 3372 Epidaurius
848 3285 955 3350 herbis

168 3373 456 3523 Restituiffipatriis
477 3372 694 3457 Androgeona
715 3369 811 3452 focis,

0 3480 1 3483 ’
125 3457 240 3543 Mysus
261 3462 294 3523 et

169 2192 268 2260 Posse
289 2195 367 2260 frui:
389 2195 478 2259 fruar
499 2216 518 2260 0
542 2196 628 2262 solus
650 2216 757 2260 amore
779 2197 866 2260 mec!

127 2277 330 2362 sanemini,
354 2279 436 2345 solet
456 2278 511 2343 illa
532 2279 617 2344 leves
640 2281 766 2363 culpare
810 2279 926 2362 uellus,

170 2362 214 2427 Et
234 2366 338 2428 totam
359 2385 398 2428 ex
419 2363 544 2428 Helena
564 2385 631 2428 non
651 2363 768 2447 probat
820 2363 897 2428 'ada
1057 2377 1091 2426 50

128 2445 191 2512 Seu
204 2447 284 2512 mihi
300 2450 374 2512 sunt
388 2447 550 2532 tangenda
562 2469 717 2512 novercae
731 2447 847 2531 pocula
860 2446 1032 2531 Phaedrae,

170 2529 289 2596 Pocula
309 2531 458 2617 privigno
480 2553 548 2596 non
568 2532 714 2596 nocitura
735 2553 808 2614 su0,

128 2614 191 2680 Seu
210 2615 291 2680 mihi
314 2614 444 2682 Circaeo
466 2615 694 2700 pereundumst
755 2616 875 2699 amine,
898 2617 964 2680 sive

171 2698 300 2765 Colchis
321 2699 468 2766 Iolciacis
489 2703 562 2765 urat
583 2699 685 2788 ahena
721 2701 802 2785 ocis,

128 2781 201 2848 Vna
221 2805 311 2850 meos
332 2785 483 2868 quoniam
526 2784 685 2849 raedatast
705 2785 824 2850 femina
844 2805 973 2872 sensus,
1057 2797 1090 2847 55

171 2867 220 2933 Ex
240 2868 302 2933 hac
323 2868 478 2933 ducentur
558 2889 611 2932 era
631 2871 742 2932 nostra
766 2869 870 2934 domo.

129 2951 248 3017 Omnes
269 2952 426 3017 humanos
449 2955 541 3017 sanat
561 2951 720 3016 medicina
741 2951 881 3016 dolores:

171 3035 262 3101 Solus
286 3058 376 3102 amor
396 3035 502 3102 morbi
522 3057 590 3102 non
612 3039 699 3100 amat
723 3035 887 3116 artificem.

347 3457 485 3523 aemonii
506 3456 630 3522 iuvenis
652 3476 714 3540 qua
737 3455 866 3539 cuspide
887 3455 1002 3520 volnus
