<?xml version="1.0" encoding="UTF-8"?>
<!DOCTYPE html PUBLIC "-//W3C//DTD XHTML 1.0 Transitional//EN"
    "http://www.w3.org/TR/xhtml1/DTD/xhtml1-transitional.dtd">
<html xmlns="http://www.w3.org/1999/xhtml" xml:lang="en" lang="en">
 <head>
  <title>
</title>
<meta http-equiv="Content-Type" content="text/html;charset=utf-8" />
  <meta name='ocr-system' content='tesseract 3.04.00' />
  <meta name='ocr-capabilities' content='ocr_page ocr_carea ocr_par ocr_line ocrx_word'/>
</head>
<body>
  <div class='ocr_page' id='page_1' title='image "./catullitibullip01catugoog_0189.png"; bbox 0 0 2598 4136; ppageno 0'>
   <div class='ocr_carea' id='block_1_1' title="bbox 368 531 747 664">
    <p class='ocr_par' dir='ltr' id='par_1_1' title="bbox 368 531 747 664">
     <span class='ocr_line' id='line_1_1' title="bbox 368 531 747 664; baseline 0.005 -2"><span class='ocrx_word' id='word_1_1' title='bbox 368 531 747 664; x_wconf 73' lang='lat' dir='ltr'>Pninrnn</span> 
     </span>
    </p>
   </div>
   <div class='ocr_carea' id='block_1_2' title="bbox 545 817 574 893">
    <p class='ocr_par' dir='ltr' id='par_1_2' title="bbox 545 817 574 893">
     <span class='ocr_line' id='line_1_2' title="bbox 545 817 574 893; baseline 0.103 -3"><span class='ocrx_word' id='word_1_2' title='bbox 545 817 574 893; x_wconf 93' lang='lat' dir='ltr'>I.</span> 
     </span>
    </p>
   </div>
   <div class='ocr_carea' id='block_1_3' title="bbox 88 934 857 1095">
    <p class='ocr_par' dir='ltr' id='par_1_3' title="bbox 88 934 857 1095">
     <span class='ocr_line' id='line_1_3' title="bbox 88 934 857 1095; baseline -0.007 -78"><span class='ocrx_word' id='word_1_3' title='bbox 88 934 241 1018; x_wconf 76' lang='lat' dir='ltr'>Carminis</span> <span class='ocrx_word' id='word_1_4' title='bbox 263 947 420 1034; x_wconf 76' lang='lat' dir='ltr'>incompti</span> <span class='ocrx_word' id='word_1_5' title='bbox 440 949 528 1013; x_wconf 89' lang='lat' dir='ltr'>lusus</span> <span class='ocrx_word' id='word_1_6' title='bbox 549 947 669 1013; x_wconf 84' lang='lat' dir='ltr'>lecture</span> <span class='ocrx_word' id='word_1_7' title='bbox 690 967 857 1095; x_wconf 52' lang='lat' dir='ltr'>proeaees,</span> 
     </span>
    </p>
   </div>
   <div class='ocr_carea' id='block_1_4' title="bbox 84 1031 1045 1623">
    <p class='ocr_par' dir='ltr' id='par_1_4' title="bbox 123 1031 777 1130">
     <span class='ocr_line' id='line_1_4' title="bbox 123 1031 777 1130; baseline -0.006 -30"><span class='ocrx_word' id='word_1_8' title='bbox 123 1033 322 1100; x_wconf 71' lang='lat' dir='ltr'>Conveniens</span> <span class='ocrx_word' id='word_1_9' title='bbox 344 1031 436 1098; x_wconf 84' lang='lat' dir='ltr'>Latio</span> <span class='ocrx_word' id='word_1_10' title='bbox 457 1053 542 1118; x_wconf 90' lang='lat' dir='ltr'>pone</span> <span class='ocrx_word' id='word_1_11' title='bbox 564 1031 689 1130; x_wconf 78' lang='lat' dir='ltr'>superni</span> <span class='ocrx_word' id='word_1_12' title='bbox 705 1032 777 1096; x_wconf 80' lang='lat' dir='ltr'>um.</span> 
     </span>
    </p>

    <p class='ocr_par' dir='ltr' id='par_1_5' title="bbox 87 1113 1029 1287">
     <span class='ocr_line' id='line_1_5' title="bbox 87 1113 1029 1200; baseline -0.002 -16"><span class='ocrx_word' id='word_1_13' title='bbox 87 1116 153 1184; x_wconf 87' lang='lat' dir='ltr'>Non</span> <span class='ocrx_word' id='word_1_14' title='bbox 173 1139 265 1184; x_wconf 87' lang='lat' dir='ltr'>soror</span> <span class='ocrx_word' id='word_1_15' title='bbox 279 1115 342 1182; x_wconf 85' lang='lat' dir='ltr'>hoe</span> <span class='ocrx_word' id='word_1_16' title='bbox 356 1116 482 1185; x_wconf 82' lang='lat' dir='ltr'>habitat</span> <span class='ocrx_word' id='word_1_17' title='bbox 495 1115 634 1199; x_wconf 89' lang='lat' dir='ltr'>Phoeb1,</span> <span class='ocrx_word' id='word_1_18' title='bbox 656 1135 724 1180; x_wconf 87' lang='lat' dir='ltr'>nen</span> <span class='ocrx_word' id='word_1_19' title='bbox 737 1113 838 1180; x_wconf 89' lang='lat' dir='ltr'>Vesta</span> <span class='ocrx_word' id='word_1_20' title='bbox 853 1115 968 1180; x_wconf 81' lang='lat' dir='ltr'>sacello</span> <span class='ocrx_word' id='word_1_21' title='bbox 973 1163 984 1200; x_wconf 86' lang='lat'><em>‚</em></span> <span class='ocrx_word' id='word_1_22' title='bbox 1028 1179 1029 1182; x_wconf 74' lang='grc'>,</span> 
     </span>
     <span class='ocr_line' id='line_1_6' title="bbox 121 1197 840 1287; baseline -0.007 -19"><span class='ocrx_word' id='word_1_23' title='bbox 121 1201 186 1270; x_wconf 82' lang='lat' dir='ltr'>Nee</span> <span class='ocrx_word' id='word_1_24' title='bbox 207 1222 291 1287; x_wconf 88' lang='lat' dir='ltr'>quae</span> <span class='ocrx_word' id='word_1_25' title='bbox 312 1199 351 1265; x_wconf 91' lang='lat' dir='ltr'>de</span> <span class='ocrx_word' id='word_1_26' title='bbox 373 1201 477 1286; x_wconf 84' lang='lat' dir='ltr'>patrio</span> <span class='ocrx_word' id='word_1_27' title='bbox 499 1200 618 1266; x_wconf 76' lang='lat' dir='ltr'>vertice</span> <span class='ocrx_word' id='word_1_28' title='bbox 639 1201 716 1264; x_wconf 89' lang='lat' dir='ltr'>nata</span> <span class='ocrx_word' id='word_1_29' title='bbox 736 1197 840 1284; x_wconf 80' lang='lat' dir='ltr'>deaei,</span> 
     </span>
    </p>

    <p class='ocr_par' dir='ltr' id='par_1_6' title="bbox 86 1283 1041 1454">
     <span class='ocr_line' id='line_1_7' title="bbox 86 1283 1041 1369; baseline -0.006 -18"><span class='ocrx_word' id='word_1_30' title='bbox 86 1284 140 1351; x_wconf 81' lang='lat' dir='ltr'>Sed</span> <span class='ocrx_word' id='word_1_31' title='bbox 159 1287 255 1352; x_wconf 89' lang='lat' dir='ltr'>ruber</span> <span class='ocrx_word' id='word_1_32' title='bbox 276 1283 444 1350; x_wconf 89' lang='lat' dir='ltr'>hortorum</span> <span class='ocrx_word' id='word_1_33' title='bbox 466 1287 587 1369; x_wconf 82' lang='lat' dir='ltr'>eustos,</span> <span class='ocrx_word' id='word_1_34' title='bbox 610 1283 820 1350; x_wconf 87' lang='lat' dir='ltr'>membrosior</span> <span class='ocrx_word' id='word_1_35' title='bbox 841 1304 956 1368; x_wconf 87' lang='lat' dir='ltr'>aequo,</span> <span class='ocrx_word' id='word_1_36' title='bbox 1023 1293 1041 1345; x_wconf 71' lang='lat' dir='ltr'>n</span> 
     </span>
     <span class='ocr_line' id='line_1_8' title="bbox 122 1366 872 1454; baseline -0.005 -18"><span class='ocrx_word' id='word_1_37' title='bbox 122 1369 179 1446; x_wconf 80' lang='lat' dir='ltr'>Qui</span> <span class='ocrx_word' id='word_1_38' title='bbox 199 1373 323 1436; x_wconf 81' lang='lat' dir='ltr'>tectum</span> <span class='ocrx_word' id='word_1_39' title='bbox 344 1369 441 1434; x_wconf 89' lang='lat' dir='ltr'>nullis</span> <span class='ocrx_word' id='word_1_40' title='bbox 463 1368 604 1434; x_wconf 88' lang='lat' dir='ltr'>vestibus</span> <span class='ocrx_word' id='word_1_41' title='bbox 625 1368 747 1454; x_wconf 82' lang='lat' dir='ltr'>inguen</span> <span class='ocrx_word' id='word_1_42' title='bbox 766 1366 872 1432; x_wconf 85' lang='lat' dir='ltr'>hebet.</span> 
     </span>
    </p>

    <p class='ocr_par' dir='ltr' id='par_1_7' title="bbox 84 1451 1045 1623">
     <span class='ocr_line' id='line_1_9' title="bbox 84 1451 1045 1540; baseline -0.002 -23"><span class='ocrx_word' id='word_1_43' title='bbox 84 1453 144 1518; x_wconf 78' lang='lat' dir='ltr'>Aut</span> <span class='ocrx_word' id='word_1_44' title='bbox 162 1455 263 1540; x_wconf 77' lang='lat' dir='ltr'>igitur</span> <span class='ocrx_word' id='word_1_45' title='bbox 284 1453 425 1519; x_wconf 78' lang='lat' dir='ltr'>tunicam</span> <span class='ocrx_word' id='word_1_46' title='bbox 446 1452 531 1538; x_wconf 80' lang='lat' dir='ltr'>perti</span> <span class='ocrx_word' id='word_1_47' title='bbox 552 1452 723 1538; x_wconf 74' lang='lat' dir='ltr'>praetende</span> <span class='ocrx_word' id='word_1_48' title='bbox 743 1451 915 1538; x_wconf 81' lang='lat' dir='ltr'>tegendae,</span> <span class='ocrx_word' id='word_1_49' title='bbox 1039 1498 1045 1508; x_wconf 88' lang='lat'><em>.</em></span> 
     </span>
     <span class='ocr_line' id='line_1_10' title="bbox 119 1536 908 1623; baseline -0.004 -20"><span class='ocrx_word' id='word_1_50' title='bbox 119 1540 183 1604; x_wconf 84' lang='lat' dir='ltr'>Aut</span> <span class='ocrx_word' id='word_1_51' title='bbox 204 1537 321 1623; x_wconf 91' lang='lat' dir='ltr'>quibus</span> <span class='ocrx_word' id='word_1_52' title='bbox 343 1537 427 1603; x_wconf 87' lang='lat' dir='ltr'>hane</span> <span class='ocrx_word' id='word_1_53' title='bbox 449 1536 549 1603; x_wconf 86' lang='lat' dir='ltr'>oeulis</span> <span class='ocrx_word' id='word_1_54' title='bbox 571 1536 722 1620; x_wconf 77' lang='lat' dir='ltr'>adspicis,</span> <span class='ocrx_word' id='word_1_55' title='bbox 744 1536 807 1602; x_wconf 83' lang='lat' dir='ltr'>ista</span> <span class='ocrx_word' id='word_1_56' title='bbox 827 1536 908 1622; x_wconf 87' lang='lat' dir='ltr'>lege.</span> 
     </span>
    </p>
   </div>
   <div class='ocr_carea' id='block_1_5' title="bbox 485 1665 635 1676">
    <p class='ocr_par' dir='ltr' id='par_1_8' title="bbox 485 1665 635 1676">
     <span class='ocr_line' id='line_1_11' title="bbox 485 1665 635 1676; baseline -0.013 0"><span class='ocrx_word' id='word_1_57' title='bbox 485 1665 635 1676; x_wconf 67' lang='lat' dir='ltr'>—u—</span> 
     </span>
    </p>
   </div>
   <div class='ocr_carea' id='block_1_6' title="bbox 531 1751 568 1826">
    <p class='ocr_par' dir='ltr' id='par_1_9' title="bbox 531 1751 568 1826">
     <span class='ocr_line' id='line_1_12' title="bbox 531 1751 568 1826; baseline 0 0"><span class='ocrx_word' id='word_1_58' title='bbox 531 1751 568 1826; x_wconf 94' lang='grc' dir='ltr'><strong><em>Π</em></strong></span> 
     </span>
    </p>
   </div>
   <div class='ocr_carea' id='block_1_7' title="bbox 120 1873 1042 2802">
    <p class='ocr_par' dir='ltr' id='par_1_10' title="bbox 120 1873 1042 2802">
     <span class='ocr_line' id='line_1_13' title="bbox 178 1873 817 2020; baseline -0.006 -80"><span class='ocrx_word' id='word_1_59' title='bbox 178 1875 311 1941; x_wconf 88' lang='lat' dir='ltr'>Ludens</span> <span class='ocrx_word' id='word_1_60' title='bbox 332 1873 410 1939; x_wconf 83' lang='lat' dir='ltr'>haee</span> <span class='ocrx_word' id='word_1_61' title='bbox 432 1896 492 1960; x_wconf 83' lang='lat' dir='ltr'>ego</span> <span class='ocrx_word' id='word_1_62' title='bbox 514 1877 665 1958; x_wconf 78' lang='lat' dir='ltr'>testate,</span> <span class='ocrx_word' id='word_1_63' title='bbox 688 1873 817 2020; x_wconf 69' lang='lat' dir='ltr'>Priape,</span> 
     </span>
     <span class='ocr_line' id='line_1_14' title="bbox 120 1957 802 2044; baseline -0.007 -19"><span class='ocrx_word' id='word_1_64' title='bbox 120 1999 122 2002; x_wconf 94' lang='lat'>-</span> <span class='ocrx_word' id='word_1_65' title='bbox 177 1959 286 2025; x_wconf 88' lang='lat' dir='ltr'>Horto</span> <span class='ocrx_word' id='word_1_66' title='bbox 309 1959 449 2024; x_wconf 86' lang='lat' dir='ltr'>earmina</span> <span class='ocrx_word' id='word_1_67' title='bbox 470 1959 582 2044; x_wconf 77' lang='lat' dir='ltr'>digna,</span> <span class='ocrx_word' id='word_1_68' title='bbox 605 1979 672 2022; x_wconf 89' lang='lat' dir='ltr'>nen</span> <span class='ocrx_word' id='word_1_69' title='bbox 693 1957 802 2022; x_wconf 89' lang='lat' dir='ltr'>libelo</span> 
     </span>
     <span class='ocr_line' id='line_1_15' title="bbox 180 2041 868 2128; baseline -0.012 -19"><span class='ocrx_word' id='word_1_70' title='bbox 180 2041 304 2128; x_wconf 77' lang='lat' dir='ltr'>Scripsi</span> <span class='ocrx_word' id='word_1_71' title='bbox 325 2063 393 2108; x_wconf 87' lang='lat' dir='ltr'>non</span> <span class='ocrx_word' id='word_1_72' title='bbox 412 2043 547 2108; x_wconf 87' lang='lat' dir='ltr'>nimium</span> <span class='ocrx_word' id='word_1_73' title='bbox 568 2042 735 2107; x_wconf 89' lang='lat' dir='ltr'>laboriose.</span> <span class='ocrx_word' id='word_1_74' title='bbox 867 2095 868 2100; x_wconf 73' lang='grc'>,</span> 
     </span>
     <span class='ocr_line' id='line_1_16' title="bbox 179 2124 859 2211; baseline -0.006 -19"><span class='ocrx_word' id='word_1_75' title='bbox 179 2124 253 2192; x_wconf 84' lang='lat' dir='ltr'>Nee</span> <span class='ocrx_word' id='word_1_76' title='bbox 273 2125 382 2192; x_wconf 87' lang='lat' dir='ltr'>Musas</span> <span class='ocrx_word' id='word_1_77' title='bbox 403 2129 525 2211; x_wconf 81' lang='lat' dir='ltr'>tamen,</span> <span class='ocrx_word' id='word_1_78' title='bbox 547 2129 584 2191; x_wconf 90' lang='lat' dir='ltr'>ut</span> <span class='ocrx_word' id='word_1_79' title='bbox 605 2127 712 2192; x_wconf 87' lang='lat' dir='ltr'>solent</span> <span class='ocrx_word' id='word_1_80' title='bbox 731 2127 859 2210; x_wconf 83' lang='lat' dir='ltr'>poetae,</span> 
     </span>
     <span class='ocr_line' id='line_1_17' title="bbox 177 2209 1040 2296; baseline -0.006 -20"><span class='ocrx_word' id='word_1_81' title='bbox 177 2211 235 2276; x_wconf 89' lang='lat' dir='ltr'>Ad</span> <span class='ocrx_word' id='word_1_82' title='bbox 256 2231 323 2275; x_wconf 90' lang='lat' dir='ltr'>non</span> <span class='ocrx_word' id='word_1_83' title='bbox 343 2211 522 2296; x_wconf 80' lang='lat' dir='ltr'>virgineum</span> <span class='ocrx_word' id='word_1_84' title='bbox 543 2211 649 2276; x_wconf 80' lang='lat' dir='ltr'>locum</span> <span class='ocrx_word' id='word_1_85' title='bbox 670 2209 795 2276; x_wconf 84' lang='lat' dir='ltr'>vocari:</span> <span class='ocrx_word' id='word_1_86' title='bbox 1023 2220 1040 2271; x_wconf 75' lang='lat'>⁶</span> 
     </span>
     <span class='ocr_line' id='line_1_18' title="bbox 178 2293 829 2380; baseline -0.003 -20"><span class='ocrx_word' id='word_1_87' title='bbox 178 2293 268 2360; x_wconf 87' lang='lat' dir='ltr'>Nam</span> <span class='ocrx_word' id='word_1_88' title='bbox 290 2315 401 2360; x_wconf 88' lang='lat' dir='ltr'>sensus</span> <span class='ocrx_word' id='word_1_89' title='bbox 422 2293 502 2360; x_wconf 89' lang='lat' dir='ltr'>mihi</span> <span class='ocrx_word' id='word_1_90' title='bbox 524 2316 640 2380; x_wconf 83' lang='lat' dir='ltr'>corque</span> <span class='ocrx_word' id='word_1_91' title='bbox 662 2293 829 2378; x_wconf 79' lang='lat' dir='ltr'>defuisset,</span> 
     </span>
     <span class='ocr_line' id='line_1_19' title="bbox 179 2377 863 2461; baseline -0.004 -17"><span class='ocrx_word' id='word_1_92' title='bbox 179 2377 295 2444; x_wconf 80' lang='lat' dir='ltr'>Castus</span> <span class='ocrx_word' id='word_1_93' title='bbox 334 2377 473 2444; x_wconf 89' lang='lat' dir='ltr'>Pierium</span> <span class='ocrx_word' id='word_1_94' title='bbox 496 2379 643 2461; x_wconf 79' lang='lat' dir='ltr'>eborum,</span> <span class='ocrx_word' id='word_1_95' title='bbox 666 2398 790 2444; x_wconf 86' lang='lat' dir='ltr'>sorores</span> <span class='ocrx_word' id='word_1_96' title='bbox 860 2437 863 2442; x_wconf 85' lang='lat'>.</span> 
     </span>
     <span class='ocr_line' id='line_1_20' title="bbox 177 2426 843 2546; baseline -0.002 -19"><span class='ocrx_word' id='word_1_97' title='bbox 177 2464 271 2527; x_wconf 88' lang='lat' dir='ltr'>Auso</span> <span class='ocrx_word' id='word_1_98' title='bbox 294 2426 407 2528; x_wconf 84' lang='lat' dir='ltr'>ducere</span> <span class='ocrx_word' id='word_1_99' title='bbox 428 2464 603 2528; x_wconf 77' lang='lat' dir='ltr'>mentulam</span> <span class='ocrx_word' id='word_1_100' title='bbox 625 2463 664 2527; x_wconf 86' lang='lat' dir='ltr'>ad</span> <span class='ocrx_word' id='word_1_101' title='bbox 686 2461 802 2546; x_wconf 83' lang='lat' dir='ltr'>Priapi.</span> <span class='ocrx_word' id='word_1_102' title='bbox 841 2521 843 2526; x_wconf 90' lang='lat'><em>.</em></span> 
     </span>
     <span class='ocr_line' id='line_1_21' title="bbox 176 2546 835 2643; baseline -0.003 -31"><span class='ocrx_word' id='word_1_103' title='bbox 176 2546 270 2631; x_wconf 81' lang='lat' dir='ltr'>Ergo</span> <span class='ocrx_word' id='word_1_104' title='bbox 292 2546 445 2643; x_wconf 81' lang='lat' dir='ltr'>quidquid</span> <span class='ocrx_word' id='word_1_105' title='bbox 457 2546 500 2611; x_wconf 60' lang='lat' dir='ltr'>⁴id</span> <span class='ocrx_word' id='word_1_106' title='bbox 522 2550 584 2629; x_wconf 86' lang='lat' dir='ltr'>est,</span> <span class='ocrx_word' id='word_1_107' title='bbox 607 2546 692 2631; x_wconf 91' lang='lat' dir='ltr'>quod</span> <span class='ocrx_word' id='word_1_108' title='bbox 714 2546 835 2611; x_wconf 86' lang='lat' dir='ltr'>otiosus</span> 
     </span>
     <span class='ocr_line' id='line_1_22' title="bbox 178 2629 1042 2714; baseline -0.005 -20"><span class='ocrx_word' id='word_1_109' title='bbox 178 2629 307 2714; x_wconf 76' lang='lat' dir='ltr'>Templi</span> <span class='ocrx_word' id='word_1_110' title='bbox 328 2631 502 2714; x_wconf 87' lang='lat' dir='ltr'>parietibus</span> <span class='ocrx_word' id='word_1_111' title='bbox 522 2632 570 2696; x_wconf 90' lang='lat' dir='ltr'>tui</span> <span class='ocrx_word' id='word_1_112' title='bbox 590 2631 716 2714; x_wconf 82' lang='lat' dir='ltr'>notari,</span> <span class='ocrx_word' id='word_1_113' title='bbox 1008 2639 1042 2691; x_wconf 87' lang='lat'>10</span> 
     </span>
     <span class='ocr_line' id='line_1_23' title="bbox 178 2713 860 2802; baseline -0.001 -21"><span class='ocrx_word' id='word_1_114' title='bbox 178 2713 221 2781; x_wconf 90' lang='lat' dir='ltr'>In</span> <span class='ocrx_word' id='word_1_115' title='bbox 242 2717 366 2797; x_wconf 80' lang='lat' dir='ltr'>partem</span> <span class='ocrx_word' id='word_1_116' title='bbox 388 2715 524 2800; x_wconf 80' lang='lat' dir='ltr'>accipias</span> <span class='ocrx_word' id='word_1_117' title='bbox 545 2715 678 2800; x_wconf 84' lang='lat' dir='ltr'>bonum,</span> <span class='ocrx_word' id='word_1_118' title='bbox 700 2735 860 2802; x_wconf 81' lang='lat' dir='ltr'>rogamus.</span> 
     </span>
    </p>
   </div>
   <div class='ocr_carea' id='block_1_8' title="bbox 483 2841 636 2856">
    <p class='ocr_par' dir='ltr' id='par_1_11' title="bbox 483 2841 636 2856">
     <span class='ocr_line' id='line_1_24' title="bbox 483 2841 636 2856; baseline 0 -1"><span class='ocrx_word' id='word_1_119' title='bbox 483 2841 636 2856; x_wconf 59' lang='lat' dir='ltr'>——un—d—</span> 
     </span>
    </p>
   </div>
   <div class='ocr_carea' id='block_1_9' title="bbox 466 2929 645 3118">
    <p class='ocr_par' dir='ltr' id='par_1_12' title="bbox 466 2929 645 3118">
     <span class='ocr_line' id='line_1_25' title="bbox 521 2929 586 3003; baseline 0.031 -2"><span class='ocrx_word' id='word_1_120' title='bbox 521 2929 586 3003; x_wconf 92' lang='grc' dir='ltr'>ΠΙ.</span> 
     </span>
     <span class='ocr_line' id='line_1_26' title="bbox 466 3050 645 3118; baseline 0.006 -1"><span class='ocrx_word' id='word_1_121' title='bbox 466 3050 645 3118; x_wconf 85' lang='lat' dir='ltr'><strong>OVIDII.</strong></span> 
     </span>
    </p>
   </div>
   <div class='ocr_carea' id='block_1_10' title="bbox 78 3127 953 3337">
    <p class='ocr_par' dir='ltr' id='par_1_13' title="bbox 78 3127 953 3337">
     <span class='ocr_line' id='line_1_27' title="bbox 78 3127 953 3267; baseline 0.002 -35"><span class='ocrx_word' id='word_1_122' title='bbox 78 3166 227 3266; x_wconf 42' lang='lat' dir='ltr'>Obscure·</span> <span class='ocrx_word' id='word_1_123' title='bbox 238 3170 384 3266; x_wconf 77' lang='lat' dir='ltr'>poterain</span> <span class='ocrx_word' id='word_1_124' title='bbox 405 3167 465 3233; x_wconf 90' lang='lat' dir='ltr'>tibi</span> <span class='ocrx_word' id='word_1_125' title='bbox 487 3169 591 3267; x_wconf 78' lang='lat' dir='ltr'>dicere</span> <span class='ocrx_word' id='word_1_126' title='bbox 615 3170 678 3266; x_wconf 37' lang='lat' dir='ltr'>‘de&#39;</span> <span class='ocrx_word' id='word_1_127' title='bbox 694 3127 797 3252; x_wconf 63' lang='lat' dir='ltr'>mihi,¹</span> <span class='ocrx_word' id='word_1_128' title='bbox 811 3169 896 3267; x_wconf 82' lang='lat' dir='ltr'>qu&#39;od</span> <span class='ocrx_word' id='word_1_129' title='bbox 916 3171 953 3234; x_wconf 91' lang='lat' dir='ltr'>tu</span> 
     </span>
     <span class='ocr_line' id='line_1_28' title="bbox 115 3251 856 3337; baseline 0.001 -20"><span class='ocrx_word' id='word_1_130' title='bbox 115 3251 182 3318; x_wconf 90' lang='lat' dir='ltr'>Des</span> <span class='ocrx_word' id='word_1_131' title='bbox 205 3253 282 3318; x_wconf 83' lang='lat' dir='ltr'>huet</span> <span class='ocrx_word' id='word_1_132' title='bbox 303 3253 448 3318; x_wconf 82' lang='lat' dir='ltr'>adsidue:</span> <span class='ocrx_word' id='word_1_133' title='bbox 470 3255 518 3318; x_wconf 88' lang='lat' dir='ltr'>ml</span> <span class='ocrx_word' id='word_1_134' title='bbox 538 3257 648 3318; x_wconf 85' lang='lat' dir='ltr'>tamen</span> <span class='ocrx_word' id='word_1_135' title='bbox 668 3253 742 3317; x_wconf 88' lang='lat' dir='ltr'>mde</span> <span class='ocrx_word' id='word_1_136' title='bbox 763 3257 856 3337; x_wconf 85' lang='lat' dir='ltr'>pent.</span> 
     </span>
    </p>
   </div>
   <div class='ocr_carea' id='block_1_11' title="bbox 75 3333 983 3510">
    <p class='ocr_par' dir='ltr' id='par_1_14' title="bbox 75 3333 983 3510">
     <span class='ocr_line' id='line_1_29' title="bbox 75 3333 983 3422; baseline 0.006 -24"><span class='ocrx_word' id='word_1_137' title='bbox 75 3333 123 3400; x_wconf 86' lang='lat' dir='ltr'>Da</span> <span class='ocrx_word' id='word_1_138' title='bbox 142 3335 241 3420; x_wconf 85' lang='lat' dir='ltr'>mihi,</span> <span class='ocrx_word' id='word_1_139' title='bbox 264 3337 349 3420; x_wconf 89' lang='lat' dir='ltr'>quod</span> <span class='ocrx_word' id='word_1_140' title='bbox 372 3337 479 3422; x_wconf 82' lang='lat' dir='ltr'>cupies</span> <span class='ocrx_word' id='word_1_141' title='bbox 498 3338 619 3402; x_wconf 84' lang='lat' dir='ltr'>frustra</span> <span class='ocrx_word' id='word_1_142' title='bbox 641 3336 715 3400; x_wconf 86' lang='lat' dir='ltr'>dare</span> <span class='ocrx_word' id='word_1_143' title='bbox 735 3337 873 3403; x_wconf 82' lang='lat' dir='ltr'>forsitan</span> <span class='ocrx_word' id='word_1_144' title='bbox 892 3337 983 3421; x_wconf 85' lang='lat' dir='ltr'>olim,</span> 
     </span>
     <span class='ocr_line' id='line_1_30' title="bbox 115 3419 863 3510; baseline 0.004 -25"><span class='ocrx_word' id='word_1_145' title='bbox 115 3419 200 3486; x_wconf 79' lang='lat' dir='ltr'>Cum</span> <span class='ocrx_word' id='word_1_146' title='bbox 221 3423 312 3506; x_wconf 82' lang='lat' dir='ltr'>teget</span> <span class='ocrx_word' id='word_1_147' title='bbox 333 3421 479 3486; x_wconf 89' lang='lat' dir='ltr'>obsessas</span> <span class='ocrx_word' id='word_1_148' title='bbox 500 3421 609 3506; x_wconf 79' lang='lat' dir='ltr'>invida</span> <span class='ocrx_word' id='word_1_149' title='bbox 630 3420 729 3486; x_wconf 87' lang='lat' dir='ltr'>barba</span> <span class='ocrx_word' id='word_1_150' title='bbox 749 3443 863 3510; x_wconf 81' lang='lat' dir='ltr'>genas,</span> 
     </span>
    </p>
   </div>
   <div class='ocr_carea' id='block_1_12' title="bbox 0 0 1304 4136">
    <p class='ocr_par' dir='ltr' id='par_1_15' title="bbox 0 0 1304 4136">
     <span class='ocr_line' id='line_1_31' title="bbox 0 0 1304 4136; baseline 0 0"><span class='ocrx_word' id='word_1_151' title='bbox 0 0 1304 4136; x_wconf 95' lang='lat' dir='ltr'> </span> 
     </span>
    </p>
   </div>
  </div>
 </body>
</html>
