2666 4138
1 343 11 366 ⁶
105 269 153 338 u]
519 263 627 318 nmen
648 261 684 320 n.

148 429 241 497 Illius
264 428 313 492 est
334 426 428 490 nobis
450 426 522 510 lege
544 425 695 491 colendus
716 426 827 490 Amor.

106 515 192 590 Quin
214 512 312 576 etiam
334 510 424 574 sedes
446 510 555 574 iubeat
575 511 603 574 si
625 509 760 574 vendere
783 510 899 593 avitas,

149 597 198 661 Ite
221 596 281 660 sub
303 595 473 679 imperium
495 593 554 658 sub
576 594 705 658 titulum
728 615 784 674 ue,
806 593 913 658 Lares.
1113 663 1115 666 ,

107 680 269 762 Quidquid
290 678 388 743 habet
410 676 516 761 Circe,
539 677 691 762 quidquid
748 677 826 742 adea
846 678 975 761 veneni,
1039 689 1072 739 55

151 763 312 846 Quidquid
334 765 368 828 et
387 761 558 826 herbarum
579 761 733 826 Thessala
753 765 839 826 terra
859 763 956 846 gerit,

1 891 10 910 .
106 849 152 915 Et
150 847 258 996 Iquod,
269 847 325 911 ubi
336 845 501 944 indomitis
512 847 663 943 gregibus
674 845 785 943 Venus
797 845 893 944 adflat
907 865 1040 930 amores,

107 1016 145 1082 e
165 929 874 1079 &berthtttttdlltdtttht
887 951 999 1077 tlt>

151 1099 241 1164 Mille
264 1099 343 1163 alias
357 1037 479 1163 herbas
501 1099 633 1162 misceat
653 1098 725 1182 illa,
747 1096 864 1160 bibam.
990 1061 999 1098 l
1039 1109 1073 1159 ec

517 1237 668 1246 *—

571 1311 603 1383 V

108 1437 250 1520 Phoebe,
262 1437 349 1501 fare:
361 1457 463 1501 novus
475 1435 654 1521 ingreditur
663 1437 720 1499 tua
728 1436 851 1519 templa
860 1435 1020 1500 sacerdos:

151 1520 226 1585 Huc
247 1542 308 1606 age
330 1541 402 1585 cum
424 1520 547 1584 cithara
568 1520 823 1604 carminibusque
845 1520 927 1584 veni.

109 1605 206 1670 Nune
228 1607 261 1669 te
282 1605 408 1669 vocales
430 1604 582 1688 inpellere
596 1605 719 1751 pollice
741 1603 890 1686 chordas,

151 1688 248 1754 Nune
268 1709 383 1772 precor
404 1688 444 1752 ad
465 1688 574 1752 laudes
620 1691 723 1752 ectere
743 1688 841 1751 verba
862 1709 941 1751 mea.

109 1773 183 1858 Ipse
205 1771 393 1857 triumphali
414 1773 578 1837 devinctus
599 1775 744 1855 tempora
765 1771 869 1853 lauro,
1056 1782 1072 1831 s

152 1855 239 1922 Dum
261 1857 424 1921 cumulant
445 1878 533 1940 aras,
557 1856 597 1920 ad
618 1859 675 1918 tua
696 1876 787 1918 sacra
807 1855 889 1918 veni.

112 1941 174 2007 Sed
195 1941 317 2004 nitidus
339 1940 534 2025 pulcherque
555 1941 643 2004 veni:
666 1960 752 2002 nunc
772 1937 869 2002 indue
890 1941 1011 2002 vestem

154 2024 350 2109 Sepositam,
375 2025 489 2110 longas
510 2045 596 2088 nunc
616 2023 698 2088 bene
719 2025 811 2106 pecte
833 2043 954 2105 comas,

111 2109 244 2186 Qualem
265 2114 298 2173 te
319 2111 498 2173 memorant
519 2107 655 2174 Satm‘no
678 2128 753 2192 rege
774 2107 886 2192 fugate

153 2193 277 2258 Victori
299 2193 408 2258 laudes
431 2192 630 2257 concinuisse
652 2191 730 2256 lovi.
1042 2203 1074 2253 ιο

111 2277 161 2342 Tu
180 2277 293 2361 procul
314 2279 466 2341 eventura
486 2276 591 2358 vides,
612 2276 674 2339 tibi
695 2275 819 2340 deditus
841 2297 944 2360 augur

154 2361 221 2427 Scit
241 2361 323 2426 bene
345 2360 421 2444 quid
441 2361 501 2425 fati
522 2359 655 2444 provida
677 2363 784 2423 cantet
805 2359 886 2442 avis,

111 2447 222 2530 Tuque
242 2446 329 2530 regis
351 2448 469 2529 sorice,
492 2446 603 2528 perte
624 2444 800 2527 praesentit
821 2465 971 2527 aruspex,

152 2530 290 2594 Lubrica
311 2529 452 2612 signavit
472 2549 545 2594 cum
566 2527 643 2592 deus
666 2531 737 2592 exta
757 2527 858 2592 notis:

110 2613 257 2679 'deduce
278 2613 442 2678 Romanos
463 2633 637 2695 numquam
658 2612 810 2676 frustrata
832 2609 968 2695 Sibylla,
1043 2623 1073 2671 15

153 2698 274 2762 Abdita
295 2719 375 2781 quae
397 2697 483 2761 senis
505 2697 572 2760 fata
594 2697 682 2761 canit
702 2696 850 2780 pedibus!

111 2783 255 2866 Phoebe,
278 2803 385 2846 sacras
407 2781 616 2846 Messalinum
637 2781 706 2844 sine
727 2783 783 2846 tan
807 2801 859 2844 ere
881 2778 1006 2844 chartas

154 2865 264 2949 Vatis,
287 2870 319 2932 et
339 2865 408 2950 ipse
429 2885 543 2950 precor
565 2864 639 2948 quid
662 2867 758 2928 canat
781 2866 787 2878 ’
815 2864 942 2928 edoce.

110 2949 201 3014 Haec
218 2950 305 3016 dedit
318 2950 447 3015 Aeneae
463 2952 581 3033 sortes,
596 2951 766 3032 postquam
781 2949 835 3014 ille
849 2950 1015 3034 parentem

153 3034 281 3100 Dicitur
302 3037 334 3099 et
354 3038 463 3118 raptos
486 3033 674 3098 sustinuisse
695 3031 807 3116 Lares3
1041 3042 1075 3092 20

7 3111 31 3228 L
76 3091 181 3270 HNec
201 3119 271 3183 fore
290 3118 439 3183 credebat
452 3117 603 3201 Romam,
627 3139 700 3182 cum
721 3119 861 3182 maestus
883 3114 923 3177 ab
945 3114 1011 3177 alto

44 3205 54 3223 “
154 3202 239 3267 llion
261 3202 408 3267 ardentes
430 3202 663 3287 respiceretque
685 3201 770 3266 deos.

112 3286 282 3384 (Romulus
305 3289 459 3384 aeternae·
472 3287 616 3351 nondum
636 3285 816 3382 firmaverat
836 3281 924 3347 urbis

28 3441 36 3511 ι
90 3367 907 3538 ssdttt’pttttttttttdttttdtttu
1042 3462 1075 3511 25

22 3525 57 3553 *s
90 3530 100 3560 t

82 3577 97 3626 ἃ
152 3537 197 3604 Et
220 3539 348 3603 stabant
368 3538 505 3606 humiles
527 3539 562 3602 in
582 3537 668 3602 Iovis
690 3558 762 3602 arce
785 3558 884 3603 cusae.
931 3536 975 3662 ἃ)
986 3585 1006 3616 ,ἢ
1021 3517 1171 3616 ‘qq-,⁶:²24
