2666 4138
514 231 727 290 PRAEFATIO.
1041 247 1106 295 XIII

140 403 257 462 minum
275 397 441 476 numerus).
472 398 658 476 Quamquam
678 419 716 460 ne
737 400 792 462 hoc
812 401 933 478 quidem
953 419 1006 462 sua
1026 405 1108 464 caret

140 485 354 563 probabilitate
368 487 399 544 et
412 484 657 560 praecedentibus
671 485 769 546 tribua
781 485 843 545 iota
858 489 889 546 et
903 489 1044 563 sequente
1060 507 1106 547 ea·

141 570 211 628 dam
226 569 358 646 potuisse
373 569 459 628 facile
472 568 584 628 hauriri
598 588 697 628 unam.

205 653 312 729 Itaque
332 653 469 713 omnibus
489 671 564 728 quae
592 654 772 714 considerari
797 654 925 714 debuere
946 657 1106 716 momentis

140 755 211 797 cum
225 755 296 796 eura
309 737 467 814 pensitatis
481 737 664 796 Lachmanni
678 738 825 797 librorum
840 739 1017 799 divisionem
1035 741 1107 799 reti·

141 821 273 880 nondam
285 839 350 881 esse
365 821 542 895 existimavi,
561 839 623 881 non
639 821 761 897 quidem
775 823 859 882 illam
874 823 911 882 ab
926 823 1008 882 omui
1021 826 1107 898 parte

141 923 286 980 securam,
310 905 362 965 sed
376 905 520 981 plurimas
534 907 636 966 tamen
650 924 725 981 quae
739 891 893 982 eipediret
906 907 1105 968 difficultates.

142 989 206 1048 Sed
219 990 279 1048 iam
294 990 366 1049 satis
381 1007 528 1065 superque
543 989 655 1048 dictum
669 990 706 1048 de
721 1008 753 1048 re
767 1009 828 1049 non
842 991 885 1049 ita
899 992 993 1067 gravi.

207 1071 347 1133 Getarum
363 1075 502 1150 quartum
516 1073 627 1132 librum
641 1075 878 1133 recentissimum
889 1075 969 1134 inter
979 1076 1105 1135 arcticos

142 1157 235 1216 fluisse
249 1157 382 1216 metricis
401 1159 436 1216 ut
452 1175 541 1233 supra
555 1155 616 1215 dixi
625 1155 762 1216 firmatur
771 1158 952 1232 rationibus3
967 1159 1106 1234 quintum

142 1242 278 1300 omnium
291 1241 461 1300 habendum
475 1259 647 1316 supremum
659 1242 839 1316 pentametri
852 1241 983 1302 finientis
998 1245 1062 1301 arte
1077 1245 1108 1302 st

143 1325 211 1385 aliis
231 1343 372 1386 versuum
391 1325 509 1402 legibus
529 1327 652 1400 apparet
665 1325 780 1384 itidem.
810 1325 898 1386 Certe
919 1327 1004 1402 siqua
1023 1326 1107 1386 fuere

142 1410 227 1485 prius
249 1409 423 1486 conscripta,
443 1427 479 1467 ea
498 1409 633 1468 abdicem
655 1427 754 1468 amore
770 1408 916 1486 Cynthiae
931 1412 1106 1470 retractasse

143 1493 336 1570 Propertium
350 1497 381 1552 et
395 1492 432 1551 ad
446 1493 582 1553 modulos
593 1493 644 1568 qui
655 1493 715 1551 iam
725 1495 820 1570 magis
834 1495 988 1569 placerent
1002 1513 1106 1570 aequa·

144 1577 224 1638 libus
238 1577 387 1637 inflexisse
402 1577 483 1637 omni
496 1577 622 1653 pignora
638 1577 852 1654 spondendum.

208 1661 321 1721 Tamen
346 1660 510 1720 identidem
535 1662 568 1720 in
592 1661 648 1720 hcc
676 1661 747 1721 ordo
773 1664 988 1722 sententiarum
1007 1664 1106 1723 minus

143 1748 213 1822 apte
232 1745 380 1822 procedit,
402 1761 458 1804 nec
479 1763 597 1820 semper
615 1743 736 1804 definies
757 1744 908 1820 Propertii
928 1747 960 1804 id
973 1747 1109 1806 evenerit

143 1830 232 1906 culpa
257 1849 295 1888 an
319 1830 526 1904 librariorum
555 1845 651 1904 neque
679 1829 760 1886 enim
784 1829 849 1904 ipse
877 1829 949 1888 baec
977 1831 1109 1888 carmina

143 1915 336 1990 quantumvis
355 1914 499 1990 castigata
517 1911 637 1973 videtur
657 1913 777 1972 omnino
798 1912 969 1972 absolvisse.
1012 1913 1108 1973 Fuere

144 1999 197 2074 qui
217 1999 351 2074 spurium
370 1997 504 2056 dicerent
522 1999 585 2056 eta
604 1995 755 2056 Passenno
771 1995 877 2056 Paullo
892 1997 941 2056 vel
962 1997 1020 2056 alio
1036 2015 1108 2074 quo·

144 2083 214 2142 dam
226 2081 426 2143 versificatore
441 2099 516 2141 saec.
531 2100 561 2156 p.
578 2077 648 2140 (lhr.
663 2080 679 2138 I
693 2081 742 2140 vel
756 2077 788 2138 11
808 2080 1020 2156 compositum:
1042 2081 1108 2157 qui·

145 2167 202 2226 bus
216 2165 289 2242 quid
303 2167 344 2225 sit
355 2165 595 2242 respondendum
609 2165 670 2224 iam
685 2181 776 2241 supra
788 2163 928 2225 indicavi.

209 2249 349 2310 Ceterum
369 2250 467 2314 afferri
486 2248 599 2324 aliquid
619 2266 656 2308 ex
679 2266 715 2308 ec
739 2249 891 2308 volumine
915 2268 933 2306 a
957 2250 1109 2309 veteribus

144 2337 265 2412 praeter
284 2353 333 2396 vv.
349 2352 374 2393 c.
392 2335 420 2407 1,
438 2333 574 2392 11-14
593 2332 782 2392 abactantie
803 2333 875 2392 inst.
891 2331 951 2393 div.
965 2332 1006 2406 11,
1023 2336 1051 2406 6,
1070 2333 1109 2390 14

144 2419 304 2491 adhibitos,
319 2436 336 2476 e
350 2435 410 2493 quo
423 2417 489 2478 loco
503 2416 628 2476 tertium
642 2416 753 2492 repetit
763 2415 897 2476 Isidorus
911 2415 1108 2493 erig.XVlH,

145 2504 176 2576 4,
194 2505 221 2577 1,
243 2501 381 2578 equidem
394 2518 456 2561 non
469 2501 602 2560 memini.
630 2499 674 2559 At
690 2500 810 2576 saepius
825 2499 958 2560 imitatus
975 2498 1109 2574 Ovidius,

145 2588 277 2663 primum
291 2585 412 2661 quidem
422 2586 486 2645 toto
501 2584 631 2643 carmine
645 2583 679 2642 in
688 2582 849 2644 Amoribus
866 2579 930 2662 [La
945 2583 1109 2660 coll.Prep.

145 2670 184 2745 V,
201 2666 243 2750 5],
256 2689 326 2729 mox
340 2669 519 2745 aliquotiens
532 2669 566 2727 in
580 2669 643 2728 arte
658 2669 802 2728 amatoria
818 2663 854 2747 [I,
869 2669 919 2727 67.
934 2668 989 2741 ΙΠ,
1008 2670 1111 2726 117-

146 2755 204 2829 2ος
225 2755 292 2814 coll.
308 2753 397 2829 Prop.
413 2751 450 2826 V,
467 2754 501 2826 8,
519 2753 569 2811 75.
592 2754 687 2826 1,11.
706 2752 755 2812 12.
771 2753 800 2812 3.
815 2747 859 2832 4],
880 2767 914 2811 ae
933 2752 1058 2812 subinde
1078 2753 1110 2812 in
1191 2811 1193 2817 s

146 2839 233 2899 libris
247 2837 473 2914 posterioribus.

209 2923 305 2981 Fuere
332 2921 452 2982 novello
480 2921 616 2995 tempore
644 2919 696 2996 qui
720 2921 878 2996 plerosque
902 2922 935 2980 in
960 2921 1089 2995 Propert

144 3006 233 3067 libris
253 3004 460 3082 suppositicios
479 3021 584 3064 versus
605 3021 765 3081 agnoscere
793 3005 851 3064 sibi
870 3004 1053 3064 viderentur.
1082 3003 1111 3062 Α

144 3091 255 3166 quibus
276 3108 332 3166 ego
351 3091 442 3165 longe
463 3087 615 3149 dissentio.
644 3088 723 3148 Nam
742 3088 791 3148 bie
810 3089 913 3164 poeta,
934 3087 987 3161 qui
1004 3104 1059 3145 nce
1078 3087 1111 3146 in

144 3174 256 3234 scholis
275 3173 334 3232 luit
353 3189 494 3249 umquam
513 3173 666 3232 lectitatus
684 3175 717 3232 et
734 3174 767 3232 in
785 3172 851 3246 ipsa
871 3169 1057 3246 antiquitate,
1073 3189 1110 3229 ne

144 3258 244 3318 dicam
265 3257 419 3316 demedio
440 3275 522 3330 aevo,
541 3257 736 3332 paucissimos
757 3256 803 3316 sui
823 3253 971 3314 studiosos
985 3254 1110 3327 invenit,

147 3341 226 3401 unde
245 3343 330 3400 tanta
347 3342 554 3416 inquinaretur
567 3339 658 3399 labe?
679 3340 768 3399 Mitto
789 3355 892 3398 eornm
912 3339 1110 3400 temeritatem

144 3426 199 3501 qui
213 3443 275 3486 non
288 3425 412 3487 volnera
426 3424 478 3486 sed
497 3425 653 3484 sanissima
672 3441 806 3500 quaeque
825 3441 879 3499 per
898 3423 1048 3483 inscitiam
1067 3423 1110 3480 in·

146 3509 294 3570 modicam
319 3511 512 3586 temptavere.
549 3507 608 3568 Sed
626 3527 664 3569 ne
684 3507 730 3569 hia
755 3507 874 3585 quidem
899 3508 1035 3570 versibus
1060 3503 1112 3580 qni
