2666 4138
246 173 269 236 2
656 177 799 232 rmvmr
1182 177 1218 250 [a

356 341 486 406 Terreat
505 342 543 404 ut
564 361 657 404 saeva
678 341 759 404 falce
781 339 914 422 Priapus
937 360 1019 404 aves.

266 438 297 486 13
312 425 596 508 tlt-quodcumque
617 423 697 488 mihi
718 423 838 488 donum
851 445 952 487 novus
968 423 1081 488 educat
1102 445 1217 508 annus,

356 509 504 573 Libatum
526 507 699 592 agricolam
720 507 851 591 ponitur
872 510 946 571 ante
967 507 1070 571 deum.

267 606 297 654 19
313 592 380 657 Vos
401 613 541 676 quoque,
563 591 666 657 felicis
682 591 858 675 quondam,
881 612 966 654 nunc
981 591 1130 675 pauperis
1145 592 1216 676 agri

266 690 300 738 20
357 674 527 758 Custodes,
550 675 640 740 fertis
662 696 795 738 munera
815 677 935 758 vestra,
957 674 1065 740 Lares.

315 760 405 824 Tunc
426 759 527 834 vitula
548 759 732 823 innumeros
760 758 915 822 lustrabat
936 779 1028 823 caasa
1048 761 1218 823 iuvencos:
1286 757 1289 764 ’

356 843 452 908 Nunc
473 863 558 930 agna
580 842 718 927 exiguist
737 841 844 906 hostia
864 863 963 926 parva
985 843 1054 908 soli.

315 928 411 1013 Agna
433 927 525 991 cadet
544 925 650 1006 vobis,
677 947 772 1010 quam
794 927 912 990 circum
933 927 1053 990 rustica
1072 926 1174 1010 pubes

359 1011 486 1076 Clamet
507 1011 555 1074 ‘io
577 1031 696 1074 messes
718 1012 750 1073 et
771 1010 856 1074 bona
876 1010 951 1074 rina
972 1010 1072 1074 date’.

267 1105 300 1157 85
315 1095 378 1160 Hic
400 1116 460 1180 ego
482 1097 704 1178 pastoremque
725 1115 831 1158 meum
853 1094 987 1158 lustrare
1008 1094 1181 1177 quotannis

266 1245 268 1250 ,
357 1179 402 1242 Et
422 1179 581 1262 placidam
604 1179 691 1242 soleo
713 1199 863 1262 spargere
884 1179 967 1242 lacte
988 1177 1108 1242 Palem.

316 1261 556 1344 Adsitis‚.divi‚
577 1282 637 1325 nec
658 1281 715 1324 vos
737 1261 776 1326 de
797 1283 935 1408 paupere
956 1282 1067 1326 mensa

358 1345 453 1408 Dona
472 1365 533 1409 neo
554 1367 571 1408 e
591 1345 678 1428 puris
701 1349 841 1428 spannia
885 1345 1022 1410 otilibus.

316 1429 444 1494 Fictilia
465 1429 614 1512 antiquus
635 1429 774 1512 primum
796 1429 858 1493 sibi
879 1429 957 1493 fecit
977 1429 1110 1514 agrestis

267 1525 302 1576 40
357 1512 491 1595 Pocula,
514 1512 553 1575 de
574 1511 661 1576 facili
683 1513 913 1598 conposuitque
934 1513 1011 1578 luto.

316 1595 349 1662 N
350 1617 393 1660 on
415 1617 474 1681 ego
497 1595 625 1660 divitias
646 1599 773 1680 patrum
794 1596 978 1680 fluctusque
999 1597 1161 1682 requiro„

361 1680 447 1756 Quos
469 1680 544 1744 tulit
565 1681 696 1764 antiquo
718 1680 847 1746 condita
867 1681 979 1745 messis
1000 1703 1074 1746 avo:

251 1845 254 1852 Ι
316 1764 420 1830 Parra
441 1785 532 1850 seges
555 1765 632 1828 satis
654 1767 717 1848 est,
741 1765 818 1828 satis
836 1768 899 1848 est,
921 1765 1116 1849 requiescere
1131 1766 1221 1832 lecto

360 1849 394 1914 si
415 1849 491 1913 licet
511 1851 544 1914 et
565 1849 659 1914 solito
681 1849 824 1913 membra
845 1849 950 1914 levare
970 1852 1052 1915 toro.

235 1943 243 2014 {2
268 1944 302 1995 45
317 1931 420 2010 Quam
441 1933 529 1997 iuvat
549 1933 677 1997 inmites
698 1936 811 1997 ventos
833 1933 941 1998 audire
963 1933 1133 1998 cubantem

233 2021 239 2086 'j
359 2017 403 2080 Et
424 2016 587 2080 dominam
607 2019 717 2082 tenero
740 2017 1008 2082 detinuissesinu

232 2173 234 2178 ,
317 2101 400 2183 Aut,
422 2101 543 2184 gelidas
564 2100 716 2164 hibernus
738 2122 836 2185 aquas
858 2123 930 2166 cum
951 2101 1069 2166 fuderit
1082 2101 1221 2188 Auster,

232 2181 236 2226 ἶ
361 2183 512 2248 Securum
533 2204 663 2248 somnos
684 2183 785 2249 imbre
806 2186 934 2250 iuvante
960 2187 1062 2269 sequi!

318 2266 390 2331 Hoc
410 2265 490 2330 mihi
512 2267 691 2354 contingat:
714 2269 756 2332 sit
777 2269 863 2334 dives
885 2270 971 2352 iure,
994 2269 1134 2334 furorem

235 2351 303 2418 i-to
359 2351 421 2427 Qui
442 2351 539 2415 maris
561 2355 594 2416 et
613 2353 721 2416 tristes
742 2353 826 2417 ferre
847 2357 954 2437 potest
975 2354 1108 2437 plurios.

237 2455 242 2516 ³1
319 2435 346 2500 Ο
369 2437 555 2519 quantumst
575 2436 643 2500 auri
664 2437 770 2520 potius
792 2440 962 2522 pereatque
984 2437 1161 2523 smaragdi,

236 2523 247 2602 Ξ
360 2519 463 2596 Quam
483 2520 558 2584 fleat
579 2520 620 2584 ob
641 2523 766 2586 nostras
787 2521 855 2584 ulla
875 2521 982 2604 puella
1003 2523 1080 2586 vias.

318 2603 362 2668 Te
384 2603 502 2666 bellare
524 2603 614 2668 decet
634 2607 734 2690 terra,
757 2605 922 2688 Messalla,
944 2607 1100 2690 marique,

225 2695 231 2736 Ξ
360 2687 405 2752 Vt
426 2687 537 2751 domus
559 2686 693 2752 hostiles
713 2689 873 2773 praeferat
894 2691 1035 2754 exuvias:

269 2783 302 2835 55
317 2771 370 2836 Me
391 2771 532 2835 retinent
552 2771 670 2836 victum
691 2771 850 2838 formosae
871 2775 976 2842 vincla
996 2773 1139 2859 puellae,

359 2855 404 2919 Et
425 2855 519 2920 sedeo
541 2855 635 2920 duras
657 2857 774 2921 ianitor
795 2861 869 2922 ante
891 2858 985 2923 fores.

229 2937 233 3020 ζ
317 2937 394 3006 Non
416 2960 476 3024 ego
498 2939 621 3004 laudari
642 2961 732 3024 curo,
755 2963 826 3006 mea
846 2942 954 3006 Delia:
976 2945 1081 3006 tecum

359 3022 446 3087 Dum
467 3023 561 3087 modo
584 3023 659 3107 sim,
682 3046 799 3108 quaeso
820 3027 927 3110 segnis
949 3026 1096 3110 inersque
1111 3047 1219 3096 vocer.

232 3125 237 3184 ζ
318 3107 363 3172 Tc
386 3110 541 3192 spectem,
564 3129 711 3191 suprema
731 3108 810 3172 mihi
826 3116 904 3174 'cum
926 3110 1049 3174 venerit
1068 3109 1166 3194 hora,

223 3201 233 3240 f
268 3203 304 3254 to
360 3191 405 3255 To
426 3194 553 3256 teneam
573 3191 712 3278 morieps
735 3192 900 3258 deficiente
921 3215 1027 3258 manu.

318 3274 424 3339 Flebis
447 3276 479 3338 et
500 3295 610 3340 arsuro
632 3276 772 3359 positum
793 3299 858 3361 me,
880 3277 988 3360 Delia,
1011 3279 1110 3361 lecto,

353 3358 518 3423 ,Tristibus
540 3362 573 3423 et
592 3359 732 3424 lacrimis
754 3363 862 3426 oscula
883 3362 984 3425 mixta
1005 3361 1105 3426 dabis.

318 3439 440 3507 Flebis:
462 3463 529 3507 non
550 3445 606 3507 tua
627 3447 702 3508 sunt
723 3444 800 3510 duro
822 3445 1007 3530 praecordia
1027 3445 1111 3510 ferro
