<?xml version="1.0" encoding="UTF-8"?>
<!DOCTYPE html PUBLIC "-//W3C//DTD XHTML 1.0 Transitional//EN"
    "http://www.w3.org/TR/xhtml1/DTD/xhtml1-transitional.dtd">
<html xmlns="http://www.w3.org/1999/xhtml" xml:lang="en" lang="en">
 <head>
  <title>
</title>
<meta http-equiv="Content-Type" content="text/html;charset=utf-8" />
  <meta name='ocr-system' content='tesseract 3.04.00' />
  <meta name='ocr-capabilities' content='ocr_page ocr_carea ocr_par ocr_line ocrx_word'/>
</head>
<body>
  <div class='ocr_page' id='page_1' title='image "./catullitibullip01catugoog_0433.png"; bbox 0 0 2632 4140; ppageno 0'>
   <div class='ocr_carea' id='block_1_1' title="bbox 95 159 661 249">
    <p class='ocr_par' dir='ltr' id='par_1_1' title="bbox 95 159 661 249">
     <span class='ocr_line' id='line_1_1' title="bbox 95 159 661 249; baseline -0.005 -22"><span class='ocrx_word' id='word_1_1' title='bbox 95 171 192 242; x_wconf 64' lang='lat' dir='ltr'><strong>xxxi</strong></span> <span class='ocrx_word' id='word_1_2' title='bbox 486 159 593 223; x_wconf 76' lang='lat' dir='ltr'><strong>eman</strong></span> <span class='ocrx_word' id='word_1_3' title='bbox 614 168 661 249; x_wconf 86' lang='lat' dir='ltr'><strong>m.</strong></span> 
     </span>
    </p>
   </div>
   <div class='ocr_carea' id='block_1_2' title="bbox 9 329 1058 664">
    <p class='ocr_par' dir='ltr' id='par_1_2' title="bbox 9 329 1058 664">
     <span class='ocr_line' id='line_1_2' title="bbox 137 329 1058 415; baseline -0.009 -19"><span class='ocrx_word' id='word_1_4' title='bbox 137 331 182 396; x_wconf 79' lang='lat' dir='ltr'><strong>Et</strong></span> <span class='ocrx_word' id='word_1_5' title='bbox 203 329 308 415; x_wconf 87' lang='lat' dir='ltr'><strong>patria</strong></span> <span class='ocrx_word' id='word_1_6' title='bbox 329 329 459 394; x_wconf 86' lang='lat' dir='ltr'>Phoebo</span> <span class='ocrx_word' id='word_1_7' title='bbox 484 330 585 394; x_wconf 86' lang='lat' dir='ltr'><strong>carius</strong></span> <span class='ocrx_word' id='word_1_8' title='bbox 608 329 751 415; x_wconf 83' lang='lat' dir='ltr'><strong>Ortygia.</strong></span> <span class='ocrx_word' id='word_1_9' title='bbox 1026 341 1058 389; x_wconf 89' lang='lat' dir='ltr'><strong>ro</strong></span> 
     </span>
     <span class='ocr_line' id='line_1_3' title="bbox 95 411 830 498; baseline -0.004 -18"><span class='ocrx_word' id='word_1_10' title='bbox 95 414 135 481; x_wconf 89' lang='lat' dir='ltr'><strong>In</strong></span> <span class='ocrx_word' id='word_1_11' title='bbox 156 436 219 498; x_wconf 92' lang='lat' dir='ltr'><strong>quo</strong></span> <span class='ocrx_word' id='word_1_12' title='bbox 243 411 326 479; x_wconf 82' lang='lat' dir='ltr'><strong>Solis</strong></span> <span class='ocrx_word' id='word_1_13' title='bbox 350 417 418 478; x_wconf 85' lang='lat' dir='ltr'><strong>erat</strong></span> <span class='ocrx_word' id='word_1_14' title='bbox 439 435 535 497; x_wconf 86' lang='lat' dir='ltr'><strong>supra</strong></span> <span class='ocrx_word' id='word_1_15' title='bbox 556 413 686 496; x_wconf 78' lang='lat' dir='ltr'><strong>fastigia</strong></span> <span class='ocrx_word' id='word_1_16' title='bbox 707 423 830 497; x_wconf 84' lang='lat' dir='ltr'><strong>currus,</strong></span> 
     </span>
     <span class='ocr_line' id='line_1_4' title="bbox 137 497 835 581; baseline -0.006 -17"><span class='ocrx_word' id='word_1_17' title='bbox 137 497 181 564; x_wconf 85' lang='lat' dir='ltr'><strong>Et</strong></span> <span class='ocrx_word' id='word_1_18' title='bbox 201 499 328 581; x_wconf 80' lang='lat' dir='ltr'><strong>valvae,</strong></span> <span class='ocrx_word' id='word_1_19' title='bbox 350 497 462 580; x_wconf 81' lang='lat' dir='ltr'><strong>Libyci</strong></span> <span class='ocrx_word' id='word_1_20' title='bbox 483 497 591 561; x_wconf 85' lang='lat' dir='ltr'>nobile</span> <span class='ocrx_word' id='word_1_21' title='bbox 614 497 718 562; x_wconf 88' lang='lat' dir='ltr'><strong>dentis</strong></span> <span class='ocrx_word' id='word_1_22' title='bbox 740 519 835 581; x_wconf 91' lang='lat' dir='ltr'><strong>opus,</strong></span> 
     </span>
     <span class='ocr_line' id='line_1_5' title="bbox 9 580 812 664; baseline -0.002 -17"><span class='ocrx_word' id='word_1_23' title='bbox 9 601 11 624; x_wconf 66' lang='lat'>³</span> <span class='ocrx_word' id='word_1_24' title='bbox 96 583 207 648; x_wconf 85' lang='lat' dir='ltr'><strong>Altera</strong></span> <span class='ocrx_word' id='word_1_25' title='bbox 229 581 371 646; x_wconf 85' lang='lat' dir='ltr'><strong>deiectos</strong></span> <span class='ocrx_word' id='word_1_26' title='bbox 393 580 525 646; x_wconf 84' lang='lat' dir='ltr'>Parnasi</span> <span class='ocrx_word' id='word_1_27' title='bbox 547 581 664 646; x_wconf 86' lang='lat' dir='ltr'><strong>vertice</strong></span> <span class='ocrx_word' id='word_1_28' title='bbox 687 581 812 664; x_wconf 80' lang='lat' dir='ltr'><strong>Gallos,</strong></span> 
     </span>
    </p>
   </div>
   <div class='ocr_carea' id='block_1_3' title="bbox 9 659 1057 832">
    <p class='ocr_par' dir='ltr' id='par_1_3' title="bbox 9 659 1057 844">
     <span class='ocr_line' id='line_1_6' title="bbox 9 659 783 730; baseline 0 0"><span class='ocrx_word' id='word_1_29' title='bbox 9 659 11 700; x_wconf 69' lang='lat'>²</span> <span class='ocrx_word' id='word_1_30' title='bbox 138 665 250 730; x_wconf 81' lang='lat' dir='ltr'><strong>Altera</strong></span> <span class='ocrx_word' id='word_1_31' title='bbox 271 664 434 730; x_wconf 83' lang='lat' dir='ltr'><strong>maerebat</strong></span> <span class='ocrx_word' id='word_1_32' title='bbox 454 664 567 729; x_wconf 86' lang='lat' dir='ltr'><strong>funera</strong></span> <span class='ocrx_word' id='word_1_33' title='bbox 588 665 783 730; x_wconf 71' lang='lat' dir='ltr'><strong>Tantalidos,</strong></span> 
     </span>
     <span class='ocr_line' id='line_1_7' title="bbox 9 709 1057 832; baseline -0.008 -16"><span class='ocrx_word' id='word_1_34' title='bbox 9 709 12 828; x_wconf 77' lang='lat' dir='ltr'><strong>l</strong></span> <span class='ocrx_word' id='word_1_35' title='bbox 96 749 221 816; x_wconf 85' lang='lat' dir='ltr'>Deinde</span> <span class='ocrx_word' id='word_1_36' title='bbox 244 749 328 813; x_wconf 89' lang='lat' dir='ltr'><strong>inter</strong></span> <span class='ocrx_word' id='word_1_37' title='bbox 349 751 484 813; x_wconf 84' lang='lat' dir='ltr'><strong>matrem</strong></span> <span class='ocrx_word' id='word_1_38' title='bbox 507 748 583 814; x_wconf 86' lang='lat' dir='ltr'><strong>deus</strong></span> <span class='ocrx_word' id='word_1_39' title='bbox 606 749 674 832; x_wconf 91' lang='lat' dir='ltr'><strong>ipse</strong></span> <span class='ocrx_word' id='word_1_40' title='bbox 696 750 839 832; x_wconf 87' lang='lat' dir='ltr'><strong>interque</strong></span> <span class='ocrx_word' id='word_1_41' title='bbox 862 768 1003 812; x_wconf 91' lang='lat' dir='ltr'><strong>sororem</strong></span> <span class='ocrx_word' id='word_1_42' title='bbox 1026 759 1057 808; x_wconf 82' lang='lat'><strong>15</strong></span> 
     </span>
    </p>
   </div>
   <div class='ocr_carea' id='block_1_4' title="bbox 9 832 873 916">
    <p class='ocr_par' dir='ltr' id='par_1_4' title="bbox 9 832 873 916">
     <span class='ocr_line' id='line_1_8' title="bbox 9 832 873 916; baseline -0.001 -19"><span class='ocrx_word' id='word_1_43' title='bbox 9 847 10 912; x_wconf 63' lang='lat' dir='ltr'><strong>l</strong></span> <span class='ocrx_word' id='word_1_44' title='bbox 139 833 276 916; x_wconf 85' lang='lat' dir='ltr'><strong>Pythius</strong></span> <span class='ocrx_word' id='word_1_45' title='bbox 295 833 329 896; x_wconf 91' lang='lat' dir='ltr'><strong>in</strong></span> <span class='ocrx_word' id='word_1_46' title='bbox 351 832 450 916; x_wconf 82' lang='lat' dir='ltr'><strong>longa</strong></span> <span class='ocrx_word' id='word_1_47' title='bbox 472 833 613 896; x_wconf 85' lang='lat' dir='ltr'><strong>carmina</strong></span> <span class='ocrx_word' id='word_1_48' title='bbox 634 837 722 898; x_wconf 85' lang='lat' dir='ltr'><strong>veste</strong></span> <span class='ocrx_word' id='word_1_49' title='bbox 745 835 846 898; x_wconf 86' lang='lat' dir='ltr'><strong>sonat.</strong></span> <span class='ocrx_word' id='word_1_50' title='bbox 872 859 873 862; x_wconf 42' lang='lat'>¹</span> 
     </span>
    </p>
   </div>
   <div class='ocr_carea' id='block_1_5' title="bbox 9 913 652 976">
    <p class='ocr_par' dir='ltr' id='par_1_5' title="bbox 9 913 652 976">
     <span class='ocr_line' id='line_1_9' title="bbox 9 913 652 976; baseline -0.003 -12"><span class='ocrx_word' id='word_1_51' title='bbox 9 913 11 976; x_wconf 78' lang='lat' dir='ltr'><strong>l</strong></span> <span class='ocrx_word' id='word_1_52' title='bbox 502 953 652 962; x_wconf 69' lang='grc'><strong>...-</strong></span> 
     </span>
    </p>
   </div>
   <div class='ocr_carea' id='block_1_6' title="bbox 9 1045 731 1194">
    <p class='ocr_par' dir='ltr' id='par_1_6' title="bbox 9 1045 731 1194">
     <span class='ocr_line' id='line_1_10' title="bbox 9 1045 731 1194; baseline 0.001 -73"><span class='ocrx_word' id='word_1_53' title='bbox 9 1109 11 1194; x_wconf 71' lang='lat'><strong>,</strong></span> <span class='ocrx_word' id='word_1_54' title='bbox 426 1045 527 1120; x_wconf 82' lang='lat' dir='ltr'><strong>xxx</strong></span> <span class='ocrx_word' id='word_1_55' title='bbox 556 1047 731 1140; x_wconf 75' lang='lat' dir='ltr'><strong>[xxxin.</strong></span> 
     </span>
    </p>
   </div>
   <div class='ocr_carea' id='block_1_7' title="bbox 9 1167 1157 3523">
    <p class='ocr_par' dir='ltr' id='par_1_7' title="bbox 9 1167 951 1318">
     <span class='ocr_line' id='line_1_11' title="bbox 9 1167 951 1318; baseline 0 -86"><span class='ocrx_word' id='word_1_56' title='bbox 9 1195 11 1242; x_wconf 75' lang='lat'>3</span> <span class='ocrx_word' id='word_1_57' title='bbox 64 1168 160 1318; x_wconf 45' lang='lat' dir='ltr'><strong>“Qui</strong></span> <span class='ocrx_word' id='word_1_58' title='bbox 180 1167 281 1252; x_wconf 82' lang='lat' dir='ltr'><strong>videt,</strong></span> <span class='ocrx_word' id='word_1_59' title='bbox 306 1169 332 1232; x_wconf 89' lang='lat' dir='ltr'><strong>is</strong></span> <span class='ocrx_word' id='word_1_60' title='bbox 354 1172 479 1252; x_wconf 85' lang='lat' dir='ltr'><strong>peccat:</strong></span> <span class='ocrx_word' id='word_1_61' title='bbox 503 1169 556 1252; x_wconf 89' lang='lat' dir='ltr'><strong>qui</strong></span> <span class='ocrx_word' id='word_1_62' title='bbox 578 1172 610 1233; x_wconf 90' lang='lat' dir='ltr'><strong>te</strong></span> <span class='ocrx_word' id='word_1_63' title='bbox 632 1191 699 1233; x_wconf 90' lang='lat' dir='ltr'><strong>non</strong></span> <span class='ocrx_word' id='word_1_64' title='bbox 720 1169 836 1233; x_wconf 84' lang='lat' dir='ltr'><strong>viderit</strong></span> <span class='ocrx_word' id='word_1_65' title='bbox 859 1188 951 1254; x_wconf 84' lang='lat' dir='ltr'><strong>ergo,</strong></span> 
     </span>
    </p>

    <p class='ocr_par' dir='ltr' id='par_1_8' title="bbox 9 1251 891 1338">
     <span class='ocr_line' id='line_1_12' title="bbox 9 1251 891 1338; baseline 0.001 -21"><span class='ocrx_word' id='word_1_66' title='bbox 9 1257 11 1338; x_wconf 69' lang='lat' dir='ltr'><strong>i</strong></span> <span class='ocrx_word' id='word_1_67' title='bbox 139 1251 215 1318; x_wconf 91' lang='lat' dir='ltr'><strong>Non</strong></span> <span class='ocrx_word' id='word_1_68' title='bbox 238 1252 356 1336; x_wconf 89' lang='lat' dir='ltr'><strong>cupiet:</strong></span> <span class='ocrx_word' id='word_1_69' title='bbox 379 1252 456 1316; x_wconf 88' lang='lat' dir='ltr'><strong>facti</strong></span> <span class='ocrx_word' id='word_1_70' title='bbox 477 1253 600 1317; x_wconf 83' lang='lat' dir='ltr'><strong>lumina</strong></span> <span class='ocrx_word' id='word_1_71' title='bbox 621 1254 741 1318; x_wconf 78' lang='lat' dir='ltr'><strong>crimen</strong></span> <span class='ocrx_word' id='word_1_72' title='bbox 763 1252 891 1318; x_wconf 91' lang='lat' dir='ltr'><strong>habent.</strong></span> 
     </span>
    </p>

    <p class='ocr_par' dir='ltr' id='par_1_9' title="bbox 9 1335 974 1421">
     <span class='ocr_line' id='line_1_13' title="bbox 9 1335 974 1421; baseline -0.006 -15"><span class='ocrx_word' id='word_1_73' title='bbox 9 1341 11 1406; x_wconf 84' lang='lat' dir='ltr'><strong>l</strong></span> <span class='ocrx_word' id='word_1_74' title='bbox 93 1335 182 1401; x_wconf 85' lang='lat' dir='ltr'><strong>&#39;Nam</strong></span> <span class='ocrx_word' id='word_1_75' title='bbox 227 1335 281 1400; x_wconf 89' lang='lat' dir='ltr'><strong>uid</strong></span> <span class='ocrx_word' id='word_1_76' title='bbox 303 1335 467 1400; x_wconf 77' lang='lat' dir='ltr'><strong>Praenesti</strong></span> <span class='ocrx_word' id='word_1_77' title='bbox 490 1336 617 1421; x_wconf 89' lang='lat' dir='ltr'><strong>dubias,</strong></span> <span class='ocrx_word' id='word_1_78' title='bbox 640 1358 659 1402; x_wconf 94' lang='lat' dir='ltr'><strong>o</strong></span> <span class='ocrx_word' id='word_1_79' title='bbox 683 1336 835 1421; x_wconf 78' lang='lat' dir='ltr'><strong>Cynthia,</strong></span> <span class='ocrx_word' id='word_1_80' title='bbox 858 1339 974 1420; x_wconf 89' lang='lat' dir='ltr'><strong>sortes,</strong></span> 
     </span>
    </p>

    <p class='ocr_par' dir='ltr' id='par_1_10' title="bbox 9 1358 795 1508">
     <span class='ocr_line' id='line_1_14' title="bbox 9 1358 795 1508; baseline -0.004 -21"><span class='ocrx_word' id='word_1_81' title='bbox 9 1409 11 1456; x_wconf 60' lang='lat'>³</span> <span class='ocrx_word' id='word_1_82' title='bbox 142 1358 226 1496; x_wconf 78' lang='lat' dir='ltr'><strong>ouil</strong></span> <span class='ocrx_word' id='word_1_83' title='bbox 246 1420 329 1504; x_wconf 88' lang='lat' dir='ltr'><strong>petis</strong></span> <span class='ocrx_word' id='word_1_84' title='bbox 351 1420 451 1484; x_wconf 88' lang='lat' dir='ltr'><strong>Aeaei</strong></span> <span class='ocrx_word' id='word_1_85' title='bbox 471 1421 599 1486; x_wconf 81' lang='lat' dir='ltr'><strong>moenia</strong></span> <span class='ocrx_word' id='word_1_86' title='bbox 620 1420 795 1508; x_wconf 80' lang='lat' dir='ltr'><strong>Telegoni?</strong></span> 
     </span>
    </p>

    <p class='ocr_par' dir='ltr' id='par_1_11' title="bbox 9 1502 1058 1600">
     <span class='ocr_line' id='line_1_15' title="bbox 9 1502 1058 1600; baseline -0.005 -31"><span class='ocrx_word' id='word_1_87' title='bbox 9 1511 11 1600; x_wconf 60' lang='grc' dir='ltr'><em>ζ</em></span> <span class='ocrx_word' id='word_1_88' title='bbox 99 1502 163 1569; x_wconf 82' lang='lat' dir='ltr'><strong>Cur</strong></span> <span class='ocrx_word' id='word_1_89' title='bbox 185 1507 293 1568; x_wconf 79' lang='lat' dir='ltr'><strong>cutte</strong></span> <span class='ocrx_word' id='word_1_90' title='bbox 316 1502 508 1568; x_wconf 89' lang='lat' dir='ltr'><strong>Herculeum</strong></span> <span class='ocrx_word' id='word_1_91' title='bbox 530 1505 700 1589; x_wconf 88' lang='lat' dir='ltr'><strong>deportant</strong></span> <span class='ocrx_word' id='word_1_92' title='bbox 722 1505 830 1570; x_wconf 89' lang='lat' dir='ltr'><strong>esseda</strong></span> <span class='ocrx_word' id='word_1_93' title='bbox 852 1503 972 1569; x_wconf 79' lang='lat' dir='ltr'><strong>Tibur?</strong></span> <span class='ocrx_word' id='word_1_94' title='bbox 1042 1515 1058 1564; x_wconf 80' lang='lat' dir='ltr'><strong>o</strong></span> 
     </span>
    </p>

    <p class='ocr_par' dir='ltr' id='par_1_12' title="bbox 9 1587 822 1671">
     <span class='ocr_line' id='line_1_16' title="bbox 9 1587 822 1671; baseline 0.005 -22"><span class='ocrx_word' id='word_1_95' title='bbox 9 1601 11 1634; x_wconf 60' lang='lat' dir='ltr'><strong>l</strong></span> <span class='ocrx_word' id='word_1_96' title='bbox 141 1587 247 1671; x_wconf 84' lang='lat' dir='ltr'><strong>Appia</strong></span> <span class='ocrx_word' id='word_1_97' title='bbox 269 1608 324 1651; x_wconf 91' lang='lat' dir='ltr'><strong>eur</strong></span> <span class='ocrx_word' id='word_1_98' title='bbox 345 1587 464 1652; x_wconf 88' lang='lat' dir='ltr'><strong>totiens</strong></span> <span class='ocrx_word' id='word_1_99' title='bbox 486 1590 518 1652; x_wconf 89' lang='lat' dir='ltr'><strong>te</strong></span> <span class='ocrx_word' id='word_1_100' title='bbox 539 1589 591 1652; x_wconf 82' lang='lat' dir='ltr'><strong>via</strong></span> <span class='ocrx_word' id='word_1_101' title='bbox 613 1590 701 1654; x_wconf 91' lang='lat' dir='ltr'><strong>ducit</strong></span> <span class='ocrx_word' id='word_1_102' title='bbox 722 1589 822 1653; x_wconf 84' lang='lat' dir='ltr'><strong>anus?</strong></span> 
     </span>
    </p>

    <p class='ocr_par' dir='ltr' id='par_1_13' title="bbox 9 1635 984 1757">
     <span class='ocr_line' id='line_1_17' title="bbox 9 1635 984 1757; baseline 0.001 -23"><span class='ocrx_word' id='word_1_103' title='bbox 9 1635 11 1754; x_wconf 78' lang='grc' dir='ltr'>Ι</span> <span class='ocrx_word' id='word_1_104' title='bbox 98 1669 169 1736; x_wconf 89' lang='lat' dir='ltr'><strong>Hoc</strong></span> <span class='ocrx_word' id='word_1_105' title='bbox 188 1671 313 1734; x_wconf 88' lang='lat' dir='ltr'><strong>utinam</strong></span> <span class='ocrx_word' id='word_1_106' title='bbox 334 1671 470 1755; x_wconf 89' lang='lat' dir='ltr'><strong>spatiere</strong></span> <span class='ocrx_word' id='word_1_107' title='bbox 491 1671 578 1756; x_wconf 89' lang='lat' dir='ltr'><strong>loco,</strong></span> <span class='ocrx_word' id='word_1_108' title='bbox 603 1673 821 1756; x_wconf 87' lang='lat' dir='ltr'><strong>quodcumque</strong></span> <span class='ocrx_word' id='word_1_109' title='bbox 843 1672 984 1757; x_wconf 86' lang='lat' dir='ltr'><strong>vacabis,</strong></span> 
     </span>
    </p>

    <p class='ocr_par' dir='ltr' id='par_1_14' title="bbox 9 1753 932 1850">
     <span class='ocr_line' id='line_1_18' title="bbox 9 1753 932 1850; baseline -0.001 -30"><span class='ocrx_word' id='word_1_110' title='bbox 9 1759 11 1850; x_wconf 57' lang='grc' dir='ltr'><strong>ᾗ</strong></span> <span class='ocrx_word' id='word_1_111' title='bbox 144 1753 295 1838; x_wconf 80' lang='lat' dir='ltr'><strong>Cynthia!</strong></span> <span class='ocrx_word' id='word_1_112' title='bbox 318 1777 393 1820; x_wconf 89' lang='lat' dir='ltr'><strong>nam</strong></span> <span class='ocrx_word' id='word_1_113' title='bbox 414 1755 475 1819; x_wconf 91' lang='lat' dir='ltr'><strong>tibi</strong></span> <span class='ocrx_word' id='word_1_114' title='bbox 495 1777 547 1822; x_wconf 89' lang='lat' dir='ltr'><strong>me</strong></span> <span class='ocrx_word' id='word_1_115' title='bbox 570 1757 695 1820; x_wconf 85' lang='lat' dir='ltr'><strong>credere</strong></span> <span class='ocrx_word' id='word_1_116' title='bbox 716 1757 811 1820; x_wconf 84' lang='lat' dir='ltr'><strong>turba</strong></span> <span class='ocrx_word' id='word_1_117' title='bbox 831 1758 932 1838; x_wconf 84' lang='lat' dir='ltr'><strong>vetat,</strong></span> 
     </span>
    </p>

    <p class='ocr_par' dir='ltr' id='par_1_15' title="bbox 9 1837 1060 2004">
     <span class='ocr_line' id='line_1_19' title="bbox 9 1837 888 1904; baseline -0.002 0"><span class='ocrx_word' id='word_1_118' title='bbox 9 1851 10 1876; x_wconf 65' lang='lat'>¹</span> <span class='ocrx_word' id='word_1_119' title='bbox 100 1837 181 1904; x_wconf 86' lang='lat' dir='ltr'><strong>Cum</strong></span> <span class='ocrx_word' id='word_1_120' title='bbox 203 1838 290 1902; x_wconf 85' lang='lat' dir='ltr'><strong>videt</strong></span> <span class='ocrx_word' id='word_1_121' title='bbox 311 1839 452 1904; x_wconf 85' lang='lat' dir='ltr'><strong>accensis</strong></span> <span class='ocrx_word' id='word_1_122' title='bbox 474 1839 620 1904; x_wconf 84' lang='lat' dir='ltr'><strong>devotam</strong></span> <span class='ocrx_word' id='word_1_123' title='bbox 643 1861 766 1904; x_wconf 88' lang='lat' dir='ltr'><strong>currere</strong></span> <span class='ocrx_word' id='word_1_124' title='bbox 787 1838 888 1903; x_wconf 86' lang='lat' dir='ltr'><strong>taedis</strong></span> 
     </span>
     <span class='ocr_line' id='line_1_20' title="bbox 143 1921 1060 2004; baseline -0.003 -19"><span class='ocrx_word' id='word_1_125' title='bbox 143 1921 183 1985; x_wconf 95' lang='lat' dir='ltr'><strong>In</strong></span> <span class='ocrx_word' id='word_1_126' title='bbox 204 1943 316 1986; x_wconf 90' lang='lat' dir='ltr'><strong>nemus</strong></span> <span class='ocrx_word' id='word_1_127' title='bbox 338 1925 371 1986; x_wconf 92' lang='lat' dir='ltr'><strong>et</strong></span> <span class='ocrx_word' id='word_1_128' title='bbox 384 1922 517 2004; x_wconf 85' lang='lat' dir='ltr'><strong>¹Triviae</strong></span> <span class='ocrx_word' id='word_1_129' title='bbox 539 1923 661 1988; x_wconf 89' lang='lat' dir='ltr'><strong>lumina</strong></span> <span class='ocrx_word' id='word_1_130' title='bbox 682 1923 764 1988; x_wconf 87' lang='lat' dir='ltr'><strong>ferre</strong></span> <span class='ocrx_word' id='word_1_131' title='bbox 787 1921 872 1988; x_wconf 87' lang='lat' dir='ltr'><strong>deae.</strong></span> <span class='ocrx_word' id='word_1_132' title='bbox 1028 1935 1060 1983; x_wconf 85' lang='lat' dir='ltr'><strong>lo</strong></span> 
     </span>
    </p>

    <p class='ocr_par' dir='ltr' id='par_1_16' title="bbox 100 2004 1028 2093">
     <span class='ocr_line' id='line_1_21' title="bbox 100 2004 1028 2093; baseline 0 -23"><span class='ocrx_word' id='word_1_133' title='bbox 100 2004 229 2071; x_wconf 84' lang='lat' dir='ltr'><strong>Scilicet</strong></span> <span class='ocrx_word' id='word_1_134' title='bbox 250 2006 408 2070; x_wconf 90' lang='lat' dir='ltr'><strong>umbrosis</strong></span> <span class='ocrx_word' id='word_1_135' title='bbox 431 2008 539 2071; x_wconf 88' lang='lat' dir='ltr'><strong>sordet</strong></span> <span class='ocrx_word' id='word_1_136' title='bbox 559 2007 712 2093; x_wconf 88' lang='lat' dir='ltr'><strong>Pompeia</strong></span> <span class='ocrx_word' id='word_1_137' title='bbox 733 2007 889 2072; x_wconf 90' lang='lat' dir='ltr'><strong>columnis</strong></span> <span class='ocrx_word' id='word_1_138' title='bbox 1027 2029 1028 2033; x_wconf 46' lang='lat'>¹</span> 
     </span>
    </p>

    <p class='ocr_par' dir='ltr' id='par_1_17' title="bbox 143 2087 1102 2176">
     <span class='ocr_line' id='line_1_22' title="bbox 143 2087 1102 2176; baseline 0.004 -22"><span class='ocrx_word' id='word_1_139' title='bbox 143 2089 301 2174; x_wconf 81' lang='lat' dir='ltr'><strong>Porticus,</strong></span> <span class='ocrx_word' id='word_1_140' title='bbox 325 2090 442 2155; x_wconf 87' lang='lat' dir='ltr'><strong>aulaeis</strong></span> <span class='ocrx_word' id='word_1_141' title='bbox 464 2091 582 2156; x_wconf 88' lang='lat' dir='ltr'><strong>nobilis</strong></span> <span class='ocrx_word' id='word_1_142' title='bbox 604 2092 767 2176; x_wconf 79' lang='lat' dir='ltr'><strong>Attalicis,</strong></span> <span class='ocrx_word' id='word_1_143' title='bbox 1095 2087 1102 2096; x_wconf 71' lang='grc'><strong>’</strong></span> 
     </span>
    </p>

    <p class='ocr_par' dir='ltr' id='par_1_18' title="bbox 9 2173 915 2275">
     <span class='ocr_line' id='line_1_23' title="bbox 9 2173 915 2275; baseline 0 -36"><span class='ocrx_word' id='word_1_144' title='bbox 9 2245 10 2254; x_wconf 11' lang='grc' dir='ltr'>ἦ</span> <span class='ocrx_word' id='word_1_145' title='bbox 98 2173 144 2239; x_wconf 81' lang='lat' dir='ltr'><strong>Et</strong></span> <span class='ocrx_word' id='word_1_146' title='bbox 165 2173 273 2238; x_wconf 82' lang='lat' dir='ltr'><strong>creber</strong></span> <span class='ocrx_word' id='word_1_147' title='bbox 294 2174 434 2258; x_wconf 84' lang='lat' dir='ltr'><strong>platanis</strong></span> <span class='ocrx_word' id='word_1_148' title='bbox 455 2176 575 2259; x_wconf 87' lang='lat' dir='ltr'><strong>pariter</strong></span> <span class='ocrx_word' id='word_1_149' title='bbox 597 2177 799 2275; x_wconf 78' lang='lat' dir='ltr'><strong>surgentibus</strong></span> <span class='ocrx_word' id='word_1_150' title='bbox 822 2175 915 2259; x_wconf 90' lang='lat' dir='ltr'><strong>ordo,</strong></span> 
     </span>
    </p>

    <p class='ocr_par' dir='ltr' id='par_1_19' title="bbox 9 2255 880 2356">
     <span class='ocr_line' id='line_1_24' title="bbox 9 2255 880 2356; baseline 0.001 -35"><span class='ocrx_word' id='word_1_151' title='bbox 9 2255 12 2356; x_wconf 65' lang='lat' dir='ltr'><strong>l</strong></span> <span class='ocrx_word' id='word_1_152' title='bbox 49 2320 54 2328; x_wconf 88' lang='grc'><strong>,</strong></span> <span class='ocrx_word' id='word_1_153' title='bbox 142 2257 290 2322; x_wconf 82' lang='lat' dir='ltr'><strong>Flumina</strong></span> <span class='ocrx_word' id='word_1_154' title='bbox 312 2259 414 2342; x_wconf 88' lang='lat' dir='ltr'><strong>sopito</strong></span> <span class='ocrx_word' id='word_1_155' title='bbox 437 2280 578 2343; x_wconf 90' lang='lat' dir='ltr'><strong>quaeque</strong></span> <span class='ocrx_word' id='word_1_156' title='bbox 600 2261 727 2326; x_wconf 81' lang='lat' dir='ltr'><strong>Anione</strong></span> <span class='ocrx_word' id='word_1_157' title='bbox 749 2261 880 2342; x_wconf 85' lang='lat' dir='ltr'><strong>eadunt,</strong></span> 
     </span>
    </p>

    <p class='ocr_par' dir='ltr' id='par_1_20' title="bbox 9 2341 1059 2428">
     <span class='ocr_line' id='line_1_25' title="bbox 9 2341 1059 2428; baseline -0.003 -23"><span class='ocrx_word' id='word_1_158' title='bbox 9 2365 11 2416; x_wconf 49' lang='grc' dir='ltr'><strong>ᾗ</strong></span> <span class='ocrx_word' id='word_1_159' title='bbox 99 2341 164 2406; x_wconf 86' lang='lat' dir='ltr'><strong>Tot</strong></span> <span class='ocrx_word' id='word_1_160' title='bbox 184 2342 296 2407; x_wconf 86' lang='lat' dir='ltr'><strong>leviter</strong></span> <span class='ocrx_word' id='word_1_161' title='bbox 317 2343 382 2426; x_wconf 87' lang='lat' dir='ltr'><strong>lym</strong></span> <span class='ocrx_word' id='word_1_162' title='bbox 405 2341 456 2408; x_wconf 86' lang='lat' dir='ltr'><strong>his</strong></span> <span class='ocrx_word' id='word_1_163' title='bbox 477 2346 547 2408; x_wconf 89' lang='lat' dir='ltr'><strong>tota</strong></span> <span class='ocrx_word' id='word_1_164' title='bbox 569 2345 796 2428; x_wconf 84' lang='lat' dir='ltr'><strong>crepitantibus</strong></span> <span class='ocrx_word' id='word_1_165' title='bbox 817 2343 895 2406; x_wconf 91' lang='lat' dir='ltr'><strong>urbe</strong></span> <span class='ocrx_word' id='word_1_166' title='bbox 1029 2353 1059 2402; x_wconf 84' lang='lat'><strong>15</strong></span> 
     </span>
    </p>

    <p class='ocr_par' dir='ltr' id='par_1_21' title="bbox 9 2365 1157 2511">
     <span class='ocr_line' id='line_1_26' title="bbox 9 2365 1157 2511; baseline -0.001 -20"><span class='ocrx_word' id='word_1_167' title='bbox 9 2431 10 2472; x_wconf 55' lang='lat' dir='ltr'><strong>i</strong></span> <span class='ocrx_word' id='word_1_168' title='bbox 143 2425 224 2491; x_wconf 82' lang='lat' dir='ltr'><strong>Cum</strong></span> <span class='ocrx_word' id='word_1_169' title='bbox 247 2426 351 2492; x_wconf 89' lang='lat' dir='ltr'><strong>subito</strong></span> <span class='ocrx_word' id='word_1_170' title='bbox 374 2365 431 2490; x_wconf 68' lang='lat' dir='ltr'><strong>lli</strong></span> <span class='ocrx_word' id='word_1_171' title='bbox 446 2448 489 2491; x_wconf 91' lang='lat' dir='ltr'><strong>on</strong></span> <span class='ocrx_word' id='word_1_172' title='bbox 510 2447 565 2492; x_wconf 92' lang='lat' dir='ltr'><strong>ore</strong></span> <span class='ocrx_word' id='word_1_173' title='bbox 586 2427 731 2493; x_wconf 87' lang='lat' dir='ltr'><strong>recondit</strong></span> <span class='ocrx_word' id='word_1_174' title='bbox 752 2447 873 2511; x_wconf 90' lang='lat' dir='ltr'><strong>aquam.</strong></span> <span class='ocrx_word' id='word_1_175' title='bbox 1138 2433 1157 2466; x_wconf 80' lang='grc'><em>·</em></span> 
     </span>
    </p>

    <p class='ocr_par' dir='ltr' id='par_1_22' title="bbox 9 2491 951 2596">
     <span class='ocr_line' id='line_1_27' title="bbox 9 2491 951 2594; baseline 0 -20"><span class='ocrx_word' id='word_1_176' title='bbox 9 2491 12 2592; x_wconf 78' lang='lat' dir='ltr'><strong>l</strong></span> <span class='ocrx_word' id='word_1_177' title='bbox 97 2509 250 2594; x_wconf 80' lang='lat' dir='ltr'><strong>Falleris,</strong></span> <span class='ocrx_word' id='word_1_178' title='bbox 273 2510 335 2574; x_wconf 85' lang='lat' dir='ltr'><strong>ista</strong></span> <span class='ocrx_word' id='word_1_179' title='bbox 355 2511 404 2576; x_wconf 87' lang='lat' dir='ltr'><strong>tui</strong></span> <span class='ocrx_word' id='word_1_180' title='bbox 423 2511 544 2576; x_wconf 83' lang='lat' dir='ltr'><strong>furtum</strong></span> <span class='ocrx_word' id='word_1_181' title='bbox 566 2513 619 2576; x_wconf 87' lang='lat' dir='ltr'><strong>via</strong></span> <span class='ocrx_word' id='word_1_182' title='bbox 639 2513 798 2576; x_wconf 88' lang='lat' dir='ltr'><strong>monstrat</strong></span> <span class='ocrx_word' id='word_1_183' title='bbox 819 2510 951 2574; x_wconf 85' lang='lat' dir='ltr'><strong>amoris:</strong></span> 
     </span>
    </p>

    <p class='ocr_par' dir='ltr' id='par_1_23' title="bbox 9 2591 933 2680">
     <span class='ocr_line' id='line_1_28' title="bbox 9 2591 933 2680; baseline -0.003 -20"><span class='ocrx_word' id='word_1_184' title='bbox 9 2603 10 2608; x_wconf 76' lang='grc'>’</span> <span class='ocrx_word' id='word_1_185' title='bbox 142 2591 219 2660; x_wconf 91' lang='lat' dir='ltr'><strong>Non</strong></span> <span class='ocrx_word' id='word_1_186' title='bbox 240 2593 352 2658; x_wconf 89' lang='lat' dir='ltr'><strong>urbem</strong></span> <span class='ocrx_word' id='word_1_187' title='bbox 392 2594 536 2680; x_wconf 90' lang='lat' dir='ltr'><strong>demens,</strong></span> <span class='ocrx_word' id='word_1_188' title='bbox 559 2597 680 2661; x_wconf 88' lang='lat' dir='ltr'><strong>lumina</strong></span> <span class='ocrx_word' id='word_1_189' title='bbox 700 2599 812 2661; x_wconf 84' lang='lat' dir='ltr'><strong>nostra</strong></span> <span class='ocrx_word' id='word_1_190' title='bbox 832 2594 933 2680; x_wconf 84' lang='lat' dir='ltr'><strong>fugis:</strong></span> 
     </span>
    </p>

    <p class='ocr_par' dir='ltr' id='par_1_24' title="bbox 9 2609 873 2766">
     <span class='ocr_line' id='line_1_29' title="bbox 9 2609 873 2766; baseline 0.001 -23"><span class='ocrx_word' id='word_1_191' title='bbox 9 2609 11 2764; x_wconf 80' lang='lat' dir='ltr'><strong>l</strong></span> <span class='ocrx_word' id='word_1_192' title='bbox 95 2677 159 2743; x_wconf 89' lang='lat' dir='ltr'><strong>Nil</strong></span> <span class='ocrx_word' id='word_1_193' title='bbox 180 2679 263 2764; x_wconf 81' lang='lat' dir='ltr'><strong>agis,</strong></span> <span class='ocrx_word' id='word_1_194' title='bbox 286 2643 420 2742; x_wconf 74' lang='lat' dir='ltr'><strong>insilias</strong></span> <span class='ocrx_word' id='word_1_195' title='bbox 442 2681 477 2744; x_wconf 90' lang='lat' dir='ltr'><strong>in</strong></span> <span class='ocrx_word' id='word_1_196' title='bbox 498 2702 549 2744; x_wconf 91' lang='lat' dir='ltr'><strong>me</strong></span> <span class='ocrx_word' id='word_1_197' title='bbox 572 2681 727 2766; x_wconf 86' lang='lat' dir='ltr'><strong>conponis</strong></span> <span class='ocrx_word' id='word_1_198' title='bbox 748 2681 873 2763; x_wconf 88' lang='lat' dir='ltr'><strong>inanes,</strong></span> 
     </span>
    </p>

    <p class='ocr_par' dir='ltr' id='par_1_25' title="bbox 9 2760 1061 2832">
     <span class='ocr_line' id='line_1_30' title="bbox 143 2760 1061 2832; baseline -0.001 -9.127"><span class='ocrx_word' id='word_1_199' title='bbox 143 2761 261 2826; x_wconf 86' lang='lat' dir='ltr'><strong>Tendis</strong></span> <span class='ocrx_word' id='word_1_200' title='bbox 282 2760 368 2827; x_wconf 86' lang='lat' dir='ltr'><strong>iners</strong></span> <span class='ocrx_word' id='word_1_201' title='bbox 391 2762 484 2828; x_wconf 86' lang='lat' dir='ltr'><strong>docto</strong></span> <span class='ocrx_word' id='word_1_202' title='bbox 507 2765 589 2828; x_wconf 85' lang='lat' dir='ltr'><strong>retia</strong></span> <span class='ocrx_word' id='word_1_203' title='bbox 609 2768 686 2832; x_wconf 83' lang='lat' dir='ltr'><strong>nota</strong></span> <span class='ocrx_word' id='word_1_204' title='bbox 707 2765 796 2830; x_wconf 91' lang='lat' dir='ltr'><strong>mihi.</strong></span> <span class='ocrx_word' id='word_1_205' title='bbox 1027 2774 1061 2823; x_wconf 80' lang='lat'><strong>20</strong></span> 
     </span>
    </p>

    <p class='ocr_par' dir='ltr' id='par_1_26' title="bbox 9 2845 934 2931">
     <span class='ocr_line' id='line_1_31' title="bbox 9 2845 934 2931; baseline -0.002 -19"><span class='ocrx_word' id='word_1_206' title='bbox 9 2859 11 2868; x_wconf 82' lang='grc'>’</span> <span class='ocrx_word' id='word_1_207' title='bbox 97 2845 167 2912; x_wconf 83' lang='lat' dir='ltr'><strong>Sed</strong></span> <span class='ocrx_word' id='word_1_208' title='bbox 187 2845 226 2910; x_wconf 88' lang='lat' dir='ltr'><strong>de</strong></span> <span class='ocrx_word' id='word_1_209' title='bbox 248 2867 300 2910; x_wconf 89' lang='lat' dir='ltr'><strong>me</strong></span> <span class='ocrx_word' id='word_1_210' title='bbox 321 2847 426 2910; x_wconf 87' lang='lat' dir='ltr'><strong>minus</strong></span> <span class='ocrx_word' id='word_1_211' title='bbox 449 2849 512 2912; x_wconf 87' lang='lat' dir='ltr'><strong>est:</strong></span> <span class='ocrx_word' id='word_1_212' title='bbox 534 2849 639 2912; x_wconf 85' lang='lat' dir='ltr'><strong>famae</strong></span> <span class='ocrx_word' id='word_1_213' title='bbox 660 2850 781 2912; x_wconf 86' lang='lat' dir='ltr'><strong>iactura</strong></span> <span class='ocrx_word' id='word_1_214' title='bbox 802 2847 934 2931; x_wconf 84' lang='lat' dir='ltr'><strong>pudicae</strong></span> 
     </span>
    </p>

    <p class='ocr_par' dir='ltr' id='par_1_27' title="bbox 9 2929 897 3016">
     <span class='ocr_line' id='line_1_32' title="bbox 9 2929 897 3016; baseline 0 -24"><span class='ocrx_word' id='word_1_215' title='bbox 9 2977 10 2982; x_wconf 19' lang='grc' dir='ltr'>η</span> <span class='ocrx_word' id='word_1_216' title='bbox 143 2929 247 2994; x_wconf 82' lang='lat' dir='ltr'><strong>Tanta</strong></span> <span class='ocrx_word' id='word_1_217' title='bbox 268 2929 329 2994; x_wconf 90' lang='lat' dir='ltr'><strong>tibi</strong></span> <span class='ocrx_word' id='word_1_218' title='bbox 350 2931 498 3014; x_wconf 85' lang='lat' dir='ltr'><strong>miserae,</strong></span> <span class='ocrx_word' id='word_1_219' title='bbox 521 2935 640 3016; x_wconf 89' lang='lat' dir='ltr'><strong>quanta</strong></span> <span class='ocrx_word' id='word_1_220' title='bbox 660 2931 806 3013; x_wconf 87' lang='lat' dir='ltr'><strong>mereris,</strong></span> <span class='ocrx_word' id='word_1_221' title='bbox 822 2931 897 2994; x_wconf 87' lang='lat' dir='ltr'><strong>erit.</strong></span> 
     </span>
    </p>

    <p class='ocr_par' dir='ltr' id='par_1_28' title="bbox 9 2995 977 3182">
     <span class='ocr_line' id='line_1_33' title="bbox 9 2995 977 3098; baseline -0.005 -18"><span class='ocrx_word' id='word_1_222' title='bbox 9 2995 11 3086; x_wconf 84' lang='lat' dir='ltr'><strong>l</strong></span> <span class='ocrx_word' id='word_1_223' title='bbox 93 3013 211 3098; x_wconf 87' lang='lat' dir='ltr'><strong>Nuper</strong></span> <span class='ocrx_word' id='word_1_224' title='bbox 233 3015 319 3078; x_wconf 91' lang='lat' dir='ltr'><strong>enim</strong></span> <span class='ocrx_word' id='word_1_225' title='bbox 341 3013 379 3079; x_wconf 87' lang='lat' dir='ltr'><strong>de</strong></span> <span class='ocrx_word' id='word_1_226' title='bbox 401 3018 433 3080; x_wconf 92' lang='lat' dir='ltr'><strong>te</strong></span> <span class='ocrx_word' id='word_1_227' title='bbox 455 3019 581 3080; x_wconf 84' lang='lat' dir='ltr'><strong>nostras</strong></span> <span class='ocrx_word' id='word_1_228' title='bbox 602 3019 684 3098; x_wconf 88' lang='lat' dir='ltr'><strong>†me</strong></span> <span class='ocrx_word' id='word_1_229' title='bbox 705 3013 803 3079; x_wconf 87' lang='lat' dir='ltr'><strong>laedit</strong></span> <span class='ocrx_word' id='word_1_230' title='bbox 824 3013 865 3077; x_wconf 87' lang='lat' dir='ltr'><strong>ad</strong></span> <span class='ocrx_word' id='word_1_231' title='bbox 887 3033 977 3078; x_wconf 87' lang='lat' dir='ltr'><strong>aures</strong></span> 
     </span>
     <span class='ocr_line' id='line_1_34' title="bbox 141 3097 880 3182; baseline -0.001 -22"><span class='ocrx_word' id='word_1_232' title='bbox 141 3099 278 3182; x_wconf 82' lang='lat' dir='ltr'><strong>Rumor,</strong></span> <span class='ocrx_word' id='word_1_233' title='bbox 302 3100 334 3162; x_wconf 89' lang='lat' dir='ltr'><strong>et</strong></span> <span class='ocrx_word' id='word_1_234' title='bbox 354 3099 389 3162; x_wconf 91' lang='lat' dir='ltr'><strong>in</strong></span> <span class='ocrx_word' id='word_1_235' title='bbox 409 3102 478 3164; x_wconf 83' lang='lat' dir='ltr'><strong>tota</strong></span> <span class='ocrx_word' id='word_1_236' title='bbox 499 3121 566 3165; x_wconf 90' lang='lat' dir='ltr'><strong>non</strong></span> <span class='ocrx_word' id='word_1_237' title='bbox 587 3101 689 3165; x_wconf 86' lang='lat' dir='ltr'><strong>bonus</strong></span> <span class='ocrx_word' id='word_1_238' title='bbox 711 3099 789 3162; x_wconf 88' lang='lat' dir='ltr'><strong>urbe</strong></span> <span class='ocrx_word' id='word_1_239' title='bbox 809 3097 880 3161; x_wconf 86' lang='lat' dir='ltr'><strong>fnit.</strong></span> 
     </span>
    </p>

    <p class='ocr_par' dir='ltr' id='par_1_29' title="bbox 9 3181 1060 3270">
     <span class='ocr_line' id='line_1_35' title="bbox 9 3181 1060 3270; baseline -0.007 -21"><span class='ocrx_word' id='word_1_240' title='bbox 9 3207 10 3270; x_wconf 71' lang='lat'><em>}</em></span> <span class='ocrx_word' id='word_1_241' title='bbox 91 3181 164 3249; x_wconf 88' lang='lat' dir='ltr'><strong>Sed</strong></span> <span class='ocrx_word' id='word_1_242' title='bbox 186 3185 221 3245; x_wconf 88' lang='lat' dir='ltr'><strong>tu</strong></span> <span class='ocrx_word' id='word_1_243' title='bbox 242 3203 310 3247; x_wconf 91' lang='lat' dir='ltr'><strong>non</strong></span> <span class='ocrx_word' id='word_1_244' title='bbox 332 3181 427 3250; x_wconf 86' lang='lat' dir='ltr'><strong>debes</strong></span> <span class='ocrx_word' id='word_1_245' title='bbox 448 3184 596 3250; x_wconf 90' lang='lat' dir='ltr'><strong>inimicae</strong></span> <span class='ocrx_word' id='word_1_246' title='bbox 619 3183 745 3250; x_wconf 87' lang='lat' dir='ltr'><strong>credere</strong></span> <span class='ocrx_word' id='word_1_247' title='bbox 767 3182 910 3266; x_wconf 83' lang='lat' dir='ltr'><strong>linguae:</strong></span> <span class='ocrx_word' id='word_1_248' title='bbox 1027 3191 1060 3242; x_wconf 80' lang='lat' dir='ltr'><strong>ao</strong></span> 
     </span>
    </p>

    <p class='ocr_par' dir='ltr' id='par_1_30' title="bbox 9 3265 791 3352">
     <span class='ocr_line' id='line_1_36' title="bbox 9 3265 791 3352; baseline -0.001 -22"><span class='ocrx_word' id='word_1_249' title='bbox 9 3307 11 3348; x_wconf 31' lang='grc' dir='ltr'>ᾖ</span> <span class='ocrx_word' id='word_1_250' title='bbox 141 3265 276 3350; x_wconf 81' lang='lat' dir='ltr'><strong>Semper</strong></span> <span class='ocrx_word' id='word_1_251' title='bbox 297 3266 446 3332; x_wconf 88' lang='lat' dir='ltr'><strong>formosis</strong></span> <span class='ocrx_word' id='word_1_252' title='bbox 468 3269 576 3333; x_wconf 87' lang='lat' dir='ltr'><strong>fabula</strong></span> <span class='ocrx_word' id='word_1_253' title='bbox 596 3289 700 3352; x_wconf 89' lang='lat' dir='ltr'><strong>poena</strong></span> <span class='ocrx_word' id='word_1_254' title='bbox 720 3267 791 3330; x_wconf 85' lang='lat' dir='ltr'><strong>fuit.</strong></span> 
     </span>
    </p>

    <p class='ocr_par' dir='ltr' id='par_1_31' title="bbox 9 3349 897 3434">
     <span class='ocr_line' id='line_1_37' title="bbox 9 3349 897 3434; baseline -0.007 -14"><span class='ocrx_word' id='word_1_255' title='bbox 9 3349 11 3420; x_wconf 69' lang='grc' dir='ltr'><strong><em>Ῐ</em></strong></span> <span class='ocrx_word' id='word_1_256' title='bbox 84 3351 178 3420; x_wconf 89' lang='lat' dir='ltr'><strong>Non</strong></span> <span class='ocrx_word' id='word_1_257' title='bbox 198 3353 254 3414; x_wconf 84' lang='lat' dir='ltr'><strong>tua</strong></span> <span class='ocrx_word' id='word_1_258' title='bbox 276 3349 432 3434; x_wconf 85' lang='lat' dir='ltr'><strong>deprenso</strong></span> <span class='ocrx_word' id='word_1_259' title='bbox 456 3353 635 3417; x_wconf 83' lang='lat' dir='ltr'><strong>damnatsst</strong></span> <span class='ocrx_word' id='word_1_260' title='bbox 655 3351 742 3415; x_wconf 85' lang='lat' dir='ltr'><strong>fama</strong></span> <span class='ocrx_word' id='word_1_261' title='bbox 761 3370 897 3415; x_wconf 85' lang='lat' dir='ltr'><strong>veneno:</strong></span> 
     </span>
    </p>

    <p class='ocr_par' dir='ltr' id='par_1_32' title="bbox 9 3433 909 3523">
     <span class='ocr_line' id='line_1_38' title="bbox 9 3433 909 3523; baseline -0.003 -22"><span class='ocrx_word' id='word_1_262' title='bbox 9 3463 10 3478; x_wconf 44' lang='lat' dir='ltr'><strong>i</strong></span> <span class='ocrx_word' id='word_1_263' title='bbox 139 3433 248 3501; x_wconf 83' lang='lat' dir='ltr'><strong>Testis</strong></span> <span class='ocrx_word' id='word_1_264' title='bbox 273 3436 334 3500; x_wconf 90' lang='lat' dir='ltr'><strong>eris</strong></span> <span class='ocrx_word' id='word_1_265' title='bbox 356 3459 468 3523; x_wconf 90' lang='lat' dir='ltr'><strong>puras,</strong></span> <span class='ocrx_word' id='word_1_266' title='bbox 491 3435 634 3521; x_wconf 90' lang='lat' dir='ltr'><strong>Phoebe,</strong></span> <span class='ocrx_word' id='word_1_267' title='bbox 659 3435 765 3502; x_wconf 86' lang='lat' dir='ltr'><strong>videre</strong></span> <span class='ocrx_word' id='word_1_268' title='bbox 787 3455 909 3498; x_wconf 87' lang='lat' dir='ltr'><strong>manus.</strong></span> 
     </span>
    </p>
   </div>
   <div class='ocr_carea' id='block_1_8' title="bbox 0 0 1320 4140">
    <p class='ocr_par' dir='ltr' id='par_1_33' title="bbox 0 0 1320 4140">
     <span class='ocr_line' id='line_1_39' title="bbox 0 0 1320 4140; baseline 0 0"><span class='ocrx_word' id='word_1_269' title='bbox 0 0 1320 4140; x_wconf 95' lang='lat' dir='ltr'><strong> </strong></span> 
     </span>
    </p>
   </div>
  </div>
 </body>
</html>
