2636 4146
91 170 129 240 [a]
468 171 574 226 arana
596 171 629 226 v.

27 411 28 416 ἵ
88 325 149 395 Neo
169 331 256 396 rudis
279 332 405 397 infestis
426 333 517 396 miles
540 332 684 396 radiabat
705 333 739 396 in
762 333 873 398 armis:

27 485 28 494 ἶ
124 414 300 481 Miscebant
319 419 392 480 usta
411 417 533 500 proelia
553 417 640 480 nuda
662 418 746 481 sude.

27 545 28 550 η
88 495 186 562 Prima
206 500 360 586 galeritus
382 501 490 584 posuit
510 501 672 585 praetoria
692 500 855 586 Lygmon,
1074 555 1075 560 ,

27 607 29 670 3
124 583 303 668 Magnaque
347 605 399 648 ars
421 581 512 648 Tatio
532 605 639 650 rerum
661 589 729 649 erat
749 585 835 650 inter
857 588 941 650 oves.
1007 599 1041 648 30

27 683 28 722 ff
87 663 164 731 Hine
186 667 310 732 Titiens
363 689 534 752 amnesque
555 669 616 734 viri
637 667 835 754 Luceresque
858 670 975 752 coloni,

27 757 29 834 l
124 750 264 826 Quatuor
284 752 360 816 hino
381 753 470 875 albos
491 751 645 818 Romulus
667 755 735 876 agit
755 775 861 838 equos.

27 901 28 996 J
87 918 203 1004 Quippe
225 921 424 986 suburbanae
445 885 670 1007 parva*minns
692 922 769 986 urbe
791 921 934 987 Bovillae

27 1001 29 1042 l
123 1004 227 1088 Atque
248 1005 294 1069 ibi
316 1004 452 1070 Fidenas
474 1006 529 1070 lon
554 1029 573 1070 a
594 1010 662 1071 erat
682 1007 745 1070 isse
766 1007 825 1071 via.
1007 1021 1040 1070 aa

86 1084 125 1150 Et
145 1089 235 1152 stetit
256 1089 341 1153 Alba
360 1092 486 1174 potens,
510 1091 541 1154 al
564 1112 601 1154 ae
624 1091 688 1154 suis
710 1091 816 1155 omnia
837 1094 927 1171 nata,
984 1163 985 1167 η
1007 1105 1039 1154 35

123 1170 179 1256 Et,
202 1173 257 1256 qui
277 1193 364 1238 nuno
385 1174 480 1258 nulli,
502 1175 641 1238 maxima
660 1174 755 1238 turba
777 1173 869 1239 Gabi.
1006 1189 1041 1238 34

86 1251 137 1320 Nil
156 1257 297 1340 patrium
317 1257 381 1322 nisi
401 1279 520 1322 nomen
542 1257 638 1323 habet
651 1257 814 1324 Romanus
837 1259 997 1324 alumnus:

124 1339 295 1426 Sanguinis
318 1341 461 1406 altricem
482 1364 549 1406 non
562 1343 660 1427 pudet
681 1363 750 1407 esse
770 1343 887 1427 lupam.

86 1420 151 1488 Huo
172 1425 286 1490 melius
308 1426 460 1510 profugos
481 1427 613 1510 misisti,
636 1427 745 1510 Troia,
768 1433 912 1512 penates.

123 1507 174 1572 lln
196 1509 283 1592 quali
303 1513 426 1574 vectust
446 1511 594 1576 Dardana
613 1511 730 1596 puppis
753 1514 823 1577 ave!
1007 1525 1041 1576 40

86 1588 149 1656 Iam
169 1594 252 1658 bene
274 1593 476 1677 spondebant
496 1599 573 1660 tuno
595 1597 720 1678 omina,
743 1597 827 1678 quod
849 1597 931 1660 nihil
952 1597 1041 1661 illam

123 1675 272 1742 Laeserat
293 1678 422 1764 abiegni
443 1681 555 1742 venter
576 1682 705 1762 apertus
727 1681 815 1762 equi,

87 1757 161 1825 (lum
182 1765 274 1845 pater
295 1762 328 1826 in
351 1763 419 1826 nati
439 1761 581 1846 trepidus
603 1762 725 1827 cerviae
746 1765 912 1847 pependit,

123 1844 166 1910 Et
188 1845 320 1910 veritast
340 1867 466 1910 umeros
487 1867 578 1911 urere
599 1847 728 1911 flamma
748 1847 829 1930 pios.

86 1925 171 1994 Tune
193 1931 292 1998 animi
312 1951 427 1995 venere
442 1929 522 1994 Daoi
543 1929 697 2014 Brutique
719 1951 855 2014 secures,
1008 1945 1042 1994 45
1137 1961 1141 1970 ·

123 2011 220 2078 Venit
241 2014 365 2098 etipsa
387 2015 435 2078 sui
458 2013 603 2080 Caesaris
625 2037 713 2078 arma
734 2013 858 2095 Venus,

85 2097 181 2162 Arma
202 2097 400 2182 resurgentis
421 2101 553 2183 portans
574 2099 717 2164 victricia
738 2097 869 2165 Troiae:

124 2181 215 2246 Felix
237 2185 323 2246 terra
343 2185 416 2247 tuos
439 2183 538 2267 oepit,
562 2182 646 2263 Iule,
671 2184 762 2268 deos3

86 2264 117 2328 si
137 2266 233 2330 modo
255 2267 425 2332 Avernalis
437 2267 602 2334 ,tremulae
624 2269 748 2332 eortina
770 2266 910 2352 Sibyllae

123 2349 216 2415 Dixit
236 2351 399 2414 Aventino
421 2373 495 2414 rura
515 2352 633 2434 pianda
654 2351 770 2431 Rem0,
898 2349 901 2356 ’
1011 2365 1045 2415 to

85 2434 148 2498 Aut
169 2435 198 2500 si
219 2434 411 2519 Pergameae
433 2455 504 2498 sero
526 2437 597 2498 rata
618 2435 759 2498 earmina
779 2436 860 2499 vatis

78 2551 82 2560 ·
123 2518 329 2603 Longaevum
352 2519 392 2583 ad
413 2517 532 2584 Priami
554 2541 629 2583 vera
649 2519 738 2584 fuere
761 2523 871 2604 capnt:

86 2600 223 2668 ‘Dioamr
246 2601 343 2667 Troia
363 2603 467 2686 aedes,
491 2606 524 2668 et
545 2603 660 2668 Troica
680 2603 784 2668 Roma
809 2625 968 2688 resurges,
1012 2617 1043 2667 er

123 2686 167 2751 Et
189 2687 286 2750 maris
308 2690 341 2750 et
360 2689 465 2752 terrae
486 2689 585 2773 longa
606 2687 773 2772 sepulchra
794 2709 914 2752 canam.
1012 2702 1045 2751 88

84 2766 207 2834 Vertite
229 2791 359 2854 equum,
380 2769 499 2836 Danai!
522 2773 605 2836 male
627 2773 771 2836 vnaius:
793 2771 854 2836 Ilia
874 2773 969 2837 tellus

123 2853 234 2936 Vivet,
258 2857 290 2918 et
308 2853 383 2918 huia
405 2855 504 2918 oineri
526 2853 671 2938 Iuppiter
692 2877 780 2920 arma
802 2857 910 2921 dabit)
940 2875 945 2884 ·

84 2937 215 3022 Optima
235 2937 397 3002 nutricum
418 2939 537 3002 nostris
559 2939 635 3022 lupa
649 2937 767 3003 Martia
788 2939 892 3022 rebus,
1014 2953 1046 3002 55

124 3021 240 3098 Qualia
262 3025 428 3086 araverunt
449 3022 577 3087 moenia
598 3023 679 3088 laete
700 3025 769 3087 tuo!

83 3103 216 3171 Munere
231 3127 368 3190 namque
389 3107 443 3190 pio
465 3128 562 3172 aanor
584 3106 751 3190 disponere
767 3129 892 3172 versus:

123 3189 166 3256 lli
187 3189 283 3273 mihi,
300 3191 387 3274 quod·
405 3194 546 3256 nostrost
566 3213 682 3274 parvus
704 3191 740 3254 in
761 3211 815 3255 ore
837 3193 946 3256 sonus!

83 3273 145 3338 Sed
168 3277 278 3339 tamen
301 3275 416 3360 exiguo
439 3275 658 3358 quodcumque
680 3295 697 3339 e
718 3277 846 3359 peetore
868 3275 929 3340 rivi

124 3357 285 3440 Fluxerit,
309 3357 370 3423 hoo
391 3359 513 3442 patriae
535 3359 652 3423 serviet
673 3379 767 3422 omne
788 3380 887 3424 meae.
1016 3374 1049 3421 60

82 3440 210 3508 Ennius
232 3441 357 3507 hirsuta
379 3443 487 3528 cingat
508 3465 565 3507 sua
586 3442 707 3526 †diota
729 3463 860 3508 corona:
