<?xml version="1.0" encoding="UTF-8"?>
<!DOCTYPE html PUBLIC "-//W3C//DTD XHTML 1.0 Transitional//EN"
    "http://www.w3.org/TR/xhtml1/DTD/xhtml1-transitional.dtd">
<html xmlns="http://www.w3.org/1999/xhtml" xml:lang="en" lang="en">
 <head>
  <title>
</title>
<meta http-equiv="Content-Type" content="text/html;charset=utf-8" />
  <meta name='ocr-system' content='tesseract 3.04.00' />
  <meta name='ocr-capabilities' content='ocr_page ocr_carea ocr_par ocr_line ocrx_word'/>
</head>
<body>
  <div class='ocr_page' id='page_1' title='image "./catullitibullip01catugoog_0089.png"; bbox 0 0 2628 4116; ppageno 0'>
   <div class='ocr_carea' id='block_1_1' title="bbox 483 154 1076 218">
    <p class='ocr_par' dir='ltr' id='par_1_1' title="bbox 483 154 1076 218">
     <span class='ocr_line' id='line_1_1' title="bbox 483 154 1076 218; baseline 0.01 -6"><span class='ocrx_word' id='word_1_1' title='bbox 483 154 696 214; x_wconf 73' lang='lat' dir='ltr'>PRAEFATIO.</span> <span class='ocrx_word' id='word_1_2' title='bbox 955 167 1076 218; x_wconf 78' lang='lat' dir='ltr'><strong>axxvn</strong></span> 
     </span>
    </p>
   </div>
   <div class='ocr_carea' id='block_1_2' title="bbox 71 323 1078 1326">
    <p class='ocr_par' dir='ltr' id='par_1_2' title="bbox 102 323 1078 822">
     <span class='ocr_line' id='line_1_2' title="bbox 102 323 1076 400; baseline -0.001 -15"><span class='ocrx_word' id='word_1_3' title='bbox 102 323 306 386; x_wconf 77' lang='lat' dir='ltr'><strong>Alexandrini</strong></span> <span class='ocrx_word' id='word_1_4' title='bbox 328 323 447 400; x_wconf 87' lang='lat' dir='ltr'><strong>poetae.</strong></span> <span class='ocrx_word' id='word_1_5' title='bbox 458 326 490 381; x_wconf 90' lang='grc'><strong>61</strong></span> <span class='ocrx_word' id='word_1_6' title='bbox 509 324 602 384; x_wconf 89' lang='lat' dir='ltr'><strong>secuti</strong></span> <span class='ocrx_word' id='word_1_7' title='bbox 623 341 673 384; x_wconf 87' lang='lat' dir='ltr'><strong>eoa</strong></span> <span class='ocrx_word' id='word_1_8' title='bbox 687 323 788 384; x_wconf 85' lang='lat' dir='ltr'><strong>Latini</strong></span> <span class='ocrx_word' id='word_1_9' title='bbox 802 323 956 384; x_wconf 78' lang='lat' dir='ltr'>elisionem</span> <span class='ocrx_word' id='word_1_10' title='bbox 972 325 1076 384; x_wconf 85' lang='lat' dir='ltr'><strong>admit·</strong></span> 
     </span>
     <span class='ocr_line' id='line_1_3' title="bbox 102 405 1077 486; baseline -0.001 -16"><span class='ocrx_word' id='word_1_11' title='bbox 102 412 209 470; x_wconf 90' lang='lat' dir='ltr'><strong>terent</strong></span> <span class='ocrx_word' id='word_1_12' title='bbox 221 411 293 486; x_wconf 86' lang='lat' dir='ltr'><strong>post</strong></span> <span class='ocrx_word' id='word_1_13' title='bbox 307 409 424 468; x_wconf 83' lang='lat' dir='ltr'><strong>sextam</strong></span> <span class='ocrx_word' id='word_1_14' title='bbox 439 405 548 466; x_wconf 86' lang='lat' dir='ltr'><strong>thesin.</strong></span> <span class='ocrx_word' id='word_1_15' title='bbox 573 407 608 466; x_wconf 92' lang='lat' dir='ltr'><strong>Id</strong></span> <span class='ocrx_word' id='word_1_16' title='bbox 623 407 701 484; x_wconf 88' lang='lat' dir='ltr'><strong>apud</strong></span> <span class='ocrx_word' id='word_1_17' title='bbox 718 406 868 470; x_wconf 83' lang='lat' dir='ltr'><strong>Catullum</strong></span> <span class='ocrx_word' id='word_1_18' title='bbox 883 409 915 468; x_wconf 90' lang='grc'><strong>16</strong></span> <span class='ocrx_word' id='word_1_19' title='bbox 930 411 1077 470; x_wconf 77' lang='grc'>66616616</span> 
     </span>
     <span class='ocr_line' id='line_1_4' title="bbox 104 491 1077 570; baseline 0.001 -17"><span class='ocrx_word' id='word_1_20' title='bbox 104 493 290 554; x_wconf 72' lang='lat' dir='ltr'><strong>hexametris</strong></span> <span class='ocrx_word' id='word_1_21' title='bbox 311 492 426 552; x_wconf 84' lang='lat' dir='ltr'><strong>iactum</strong></span> <span class='ocrx_word' id='word_1_22' title='bbox 441 493 489 564; x_wconf 83' lang='lat'><strong>64,</strong></span> <span class='ocrx_word' id='word_1_23' title='bbox 507 493 577 565; x_wconf 82' lang='lat'><strong>298,</strong></span> <span class='ocrx_word' id='word_1_24' title='bbox 595 494 613 551; x_wconf 92' lang='grc'>9</span> <span class='ocrx_word' id='word_1_25' title='bbox 637 491 1077 570; x_wconf 57' lang='grc' dir='ltr'><strong>ε6666166666666163666116·</strong></span> 
     </span>
     <span class='ocr_line' id='line_1_5' title="bbox 103 575 1077 654; baseline -0.002 -16"><span class='ocrx_word' id='word_1_26' title='bbox 103 597 163 653; x_wconf 78' lang='grc'><strong>666</strong></span> <span class='ocrx_word' id='word_1_27' title='bbox 185 575 318 638; x_wconf 83' lang='lat' dir='ltr'><strong>adrenit&#39;</strong></span> <span class='ocrx_word' id='word_1_28' title='bbox 341 579 373 635; x_wconf 89' lang='lat' dir='ltr'><strong>at</strong></span> <span class='ocrx_word' id='word_1_29' title='bbox 392 577 424 634; x_wconf 92' lang='lat' dir='ltr'><strong>in</strong></span> <span class='ocrx_word' id='word_1_30' title='bbox 444 575 577 636; x_wconf 79' lang='lat' dir='ltr'><strong>distichis</strong></span> <span class='ocrx_word' id='word_1_31' title='bbox 594 577 663 650; x_wconf 82' lang='lat'>115,</span> <span class='ocrx_word' id='word_1_32' title='bbox 681 578 709 650; x_wconf 82' lang='lat'><strong>5,</strong></span> <span class='ocrx_word' id='word_1_33' title='bbox 727 579 745 636; x_wconf 90' lang='grc'>6</span> <span class='ocrx_word' id='word_1_34' title='bbox 762 575 926 654; x_wconf 81' lang='lat' dir='ltr'><strong>‘saltusque</strong></span> <span class='ocrx_word' id='word_1_35' title='bbox 940 578 1077 654; x_wconf 87' lang='lat' dir='ltr'><strong>paludes·</strong></span> 
     </span>
     <span class='ocr_line' id='line_1_6' title="bbox 105 657 1078 740; baseline -0.001 -17"><span class='ocrx_word' id='word_1_36' title='bbox 105 681 164 737; x_wconf 78' lang='lat' dir='ltr'><strong>qao</strong></span> <span class='ocrx_word' id='word_1_37' title='bbox 186 680 279 737; x_wconf 85' lang='lat' dir='ltr'><strong>usqua</strong></span> <span class='ocrx_word' id='word_1_38' title='bbox 300 661 339 720; x_wconf 91' lang='lat' dir='ltr'><strong>ad</strong></span> <span class='ocrx_word' id='word_1_39' title='bbox 357 660 598 736; x_wconf 81' lang='lat' dir='ltr'><strong>Hyperboreos’3</strong></span> <span class='ocrx_word' id='word_1_40' title='bbox 620 660 750 722; x_wconf 79' lang='grc'>66661666</span> <span class='ocrx_word' id='word_1_41' title='bbox 770 657 949 740; x_wconf 76' lang='lat' dir='ltr'><strong>synaloephe</strong></span> <span class='ocrx_word' id='word_1_42' title='bbox 964 662 1022 721; x_wconf 85' lang='lat' dir='ltr'><strong>ista</strong></span> <span class='ocrx_word' id='word_1_43' title='bbox 1043 664 1078 722; x_wconf 89' lang='lat' dir='ltr'><strong>ut</strong></span> 
     </span>
     <span class='ocr_line' id='line_1_7' title="bbox 105 745 566 822; baseline -0.009 -16"><span class='ocrx_word' id='word_1_44' title='bbox 105 749 289 822; x_wconf 84' lang='lat' dir='ltr'><strong>plerumque</strong></span> <span class='ocrx_word' id='word_1_45' title='bbox 303 745 338 803; x_wconf 90' lang='lat' dir='ltr'><strong>in</strong></span> <span class='ocrx_word' id='word_1_46' title='bbox 352 745 489 804; x_wconf 85' lang='lat' dir='ltr'><strong>enclitioa</strong></span> <span class='ocrx_word' id='word_1_47' title='bbox 503 762 566 818; x_wconf 81' lang='grc'>666.</span> 
     </span>
    </p>

    <p class='ocr_par' dir='ltr' id='par_1_3' title="bbox 71 827 1078 1326">
     <span class='ocr_line' id='line_1_8' title="bbox 176 827 1077 908; baseline -0.001 -19"><span class='ocrx_word' id='word_1_48' title='bbox 176 831 235 890; x_wconf 87' lang='lat' dir='ltr'><strong>Sed</strong></span> <span class='ocrx_word' id='word_1_49' title='bbox 248 830 281 890; x_wconf 91' lang='lat' dir='ltr'><strong>in</strong></span> <span class='ocrx_word' id='word_1_50' title='bbox 294 828 403 888; x_wconf 85' lang='lat' dir='ltr'><strong>ultima</strong></span> <span class='ocrx_word' id='word_1_51' title='bbox 416 829 505 888; x_wconf 87' lang='lat' dir='ltr'><strong>matri</strong></span> <span class='ocrx_word' id='word_1_52' title='bbox 520 827 636 906; x_wconf 79' lang='lat' dir='ltr'><strong>syllaba</strong></span> <span class='ocrx_word' id='word_1_53' title='bbox 647 847 708 890; x_wconf 91' lang='lat' dir='ltr'><strong>non</strong></span> <span class='ocrx_word' id='word_1_54' title='bbox 722 829 861 908; x_wconf 80' lang='lat' dir='ltr'><strong>probavit</strong></span> <span class='ocrx_word' id='word_1_55' title='bbox 876 829 1010 890; x_wconf 82' lang='lat' dir='ltr'><strong>Catullus</strong></span> <span class='ocrx_word' id='word_1_56' title='bbox 1025 831 1077 890; x_wconf 86' lang='lat' dir='ltr'><strong>eli·</strong></span> 
     </span>
     <span class='ocr_line' id='line_1_9' title="bbox 105 909 1077 992; baseline -0.002 -17"><span class='ocrx_word' id='word_1_57' title='bbox 105 917 227 975; x_wconf 82' lang='lat' dir='ltr'><strong>sionem</strong></span> <span class='ocrx_word' id='word_1_58' title='bbox 251 909 381 992; x_wconf 73' lang='grc'>(16666</span> <span class='ocrx_word' id='word_1_59' title='bbox 400 932 432 972; x_wconf 90' lang='lat' dir='ltr'><strong>re</strong></span> <span class='ocrx_word' id='word_1_60' title='bbox 453 914 513 972; x_wconf 89' lang='lat' dir='ltr'><strong>iam</strong></span> <span class='ocrx_word' id='word_1_61' title='bbox 540 931 565 971; x_wconf 89' lang='lat' dir='ltr'><strong>a.</strong></span> <span class='ocrx_word' id='word_1_62' title='bbox 589 914 670 974; x_wconf 87' lang='grc'>1856</span> <span class='ocrx_word' id='word_1_63' title='bbox 697 913 769 990; x_wconf 90' lang='lat' dir='ltr'><strong>quid</strong></span> <span class='ocrx_word' id='word_1_64' title='bbox 789 914 978 974; x_wconf 87' lang='lat' dir='ltr'><strong>statuendum</strong></span> <span class='ocrx_word' id='word_1_65' title='bbox 999 915 1077 973; x_wconf 90' lang='grc'>66661</span> 
     </span>
     <span class='ocr_line' id='line_1_10' title="bbox 104 995 1078 1076; baseline -0.001 -18"><span class='ocrx_word' id='word_1_66' title='bbox 104 995 295 1076; x_wconf 86' lang='lat' dir='ltr'><strong>monuimus)</strong></span> <span class='ocrx_word' id='word_1_67' title='bbox 318 1004 440 1073; x_wconf 84' lang='lat' dir='ltr'><strong>excepto</strong></span> <span class='ocrx_word' id='word_1_68' title='bbox 461 997 514 1056; x_wconf 89' lang='lat' dir='ltr'><strong>ubi</strong></span> <span class='ocrx_word' id='word_1_69' title='bbox 535 997 721 1073; x_wconf 87' lang='lat' dir='ltr'><strong>potestesse</strong></span> <span class='ocrx_word' id='word_1_70' title='bbox 748 998 909 1074; x_wconf 85' lang='lat' dir='ltr'><strong>synaphiae</strong></span> <span class='ocrx_word' id='word_1_71' title='bbox 937 997 1020 1058; x_wconf 90' lang='lat' dir='ltr'><strong>locus</strong></span> <span class='ocrx_word' id='word_1_72' title='bbox 1042 1000 1078 1057; x_wconf 91' lang='grc'><strong>61</strong></span> 
     </span>
     <span class='ocr_line' id='line_1_11' title="bbox 71 1083 213 1143; baseline 0 0"><span class='ocrx_word' id='word_1_73' title='bbox 71 1123 76 1132; x_wconf 85' lang='lat'>-</span> <span class='ocrx_word' id='word_1_74' title='bbox 104 1085 140 1143; x_wconf 88' lang='grc'><strong>16</strong></span> <span class='ocrx_word' id='word_1_75' title='bbox 157 1083 213 1143; x_wconf 86' lang='grc'>1116</span> 
     </span>
     <span class='ocr_line' id='line_1_12' title="bbox 398 1165 790 1226; baseline 0.005 -2"><span class='ocrx_word' id='word_1_76' title='bbox 398 1165 470 1225; x_wconf 86' lang='lat' dir='ltr'><strong>flare</strong></span> <span class='ocrx_word' id='word_1_77' title='bbox 486 1165 588 1226; x_wconf 86' lang='lat' dir='ltr'><strong>desine</strong></span> <span class='ocrx_word' id='word_1_78' title='bbox 603 1183 665 1226; x_wconf 90' lang='lat' dir='ltr'><strong>non</strong></span> <span class='ocrx_word' id='word_1_79' title='bbox 679 1165 735 1226; x_wconf 89' lang='lat' dir='ltr'><strong>tibi</strong></span> <span class='ocrx_word' id='word_1_80' title='bbox 749 1165 790 1226; x_wconf 77' lang='lat' dir='ltr'><strong>A·</strong></span> 
     </span>
     <span class='ocr_line' id='line_1_13' title="bbox 398 1250 771 1326; baseline 0.003 -17"><span class='ocrx_word' id='word_1_81' title='bbox 398 1250 552 1310; x_wconf 87' lang='lat' dir='ltr'><strong>runculoia</strong></span> <span class='ocrx_word' id='word_1_82' title='bbox 566 1251 771 1326; x_wconf 86' lang='lat' dir='ltr'><strong>periculumst.</strong></span> 
     </span>
    </p>
   </div>
   <div class='ocr_carea' id='block_1_3' title="bbox 105 1350 1080 1934">
    <p class='ocr_par' dir='ltr' id='par_1_4' title="bbox 105 1350 1077 1596">
     <span class='ocr_line' id='line_1_14' title="bbox 175 1350 1075 1428; baseline 0.002 -18"><span class='ocrx_word' id='word_1_83' title='bbox 175 1351 217 1410; x_wconf 83' lang='lat' dir='ltr'><strong>Et</strong></span> <span class='ocrx_word' id='word_1_84' title='bbox 239 1352 272 1409; x_wconf 91' lang='lat' dir='ltr'><strong>in</strong></span> <span class='ocrx_word' id='word_1_85' title='bbox 297 1351 395 1426; x_wconf 84' lang='lat' dir='ltr'><strong>prima</strong></span> <span class='ocrx_word' id='word_1_86' title='bbox 420 1351 489 1410; x_wconf 87' lang='lat' dir='ltr'><strong>seda</strong></span> <span class='ocrx_word' id='word_1_87' title='bbox 510 1351 629 1410; x_wconf 88' lang='lat' dir='ltr'><strong>numeri</strong></span> <span class='ocrx_word' id='word_1_88' title='bbox 651 1351 776 1412; x_wconf 90' lang='lat' dir='ltr'><strong>eandem</strong></span> <span class='ocrx_word' id='word_1_89' title='bbox 802 1350 935 1412; x_wconf 79' lang='lat' dir='ltr'><strong>adhiberi</strong></span> <span class='ocrx_word' id='word_1_90' title='bbox 959 1351 1075 1428; x_wconf 83' lang='lat' dir='ltr'><strong>durum,</strong></span> 
     </span>
     <span class='ocr_line' id='line_1_15' title="bbox 105 1431 1077 1513; baseline 0.002 -19"><span class='ocrx_word' id='word_1_91' title='bbox 105 1455 202 1513; x_wconf 89' lang='lat' dir='ltr'><strong>quam</strong></span> <span class='ocrx_word' id='word_1_92' title='bbox 217 1437 318 1494; x_wconf 86' lang='lat' dir='ltr'><strong>tamen</strong></span> <span class='ocrx_word' id='word_1_93' title='bbox 332 1435 383 1494; x_wconf 89' lang='lat' dir='ltr'><strong>illa</strong></span> <span class='ocrx_word' id='word_1_94' title='bbox 398 1435 430 1494; x_wconf 89' lang='lat' dir='ltr'><strong>in</strong></span> <span class='ocrx_word' id='word_1_95' title='bbox 440 1431 532 1494; x_wconf 88' lang='lat' dir='ltr'>XIIII</span> <span class='ocrx_word' id='word_1_96' title='bbox 545 1436 682 1496; x_wconf 82' lang='lat' dir='ltr'><strong>versibus</strong></span> <span class='ocrx_word' id='word_1_97' title='bbox 697 1435 862 1512; x_wconf 83' lang='lat' dir='ltr'><strong>etquidem</strong></span> <span class='ocrx_word' id='word_1_98' title='bbox 877 1436 1001 1496; x_wconf 87' lang='lat' dir='ltr'><strong>diversis</strong></span> <span class='ocrx_word' id='word_1_99' title='bbox 1016 1455 1077 1496; x_wconf 89' lang='lat' dir='ltr'><strong>me·</strong></span> 
     </span>
     <span class='ocr_line' id='line_1_16' title="bbox 105 1519 455 1596; baseline -0.014 -15"><span class='ocrx_word' id='word_1_100' title='bbox 105 1522 166 1581; x_wconf 83' lang='lat' dir='ltr'><strong>tris</strong></span> <span class='ocrx_word' id='word_1_101' title='bbox 182 1519 295 1596; x_wconf 80' lang='lat' dir='ltr'><strong>sprevit</strong></span> <span class='ocrx_word' id='word_1_102' title='bbox 309 1537 455 1580; x_wconf 90' lang='lat' dir='ltr'><strong>normam.</strong></span> 
     </span>
    </p>

    <p class='ocr_par' dir='ltr' id='par_1_5' title="bbox 105 1603 1080 1934">
     <span class='ocr_line' id='line_1_17' title="bbox 177 1603 1079 1682; baseline 0.001 -19"><span class='ocrx_word' id='word_1_103' title='bbox 177 1603 328 1675; x_wconf 76' lang='lat' dir='ltr'><strong>Quantum</strong></span> <span class='ocrx_word' id='word_1_104' title='bbox 347 1603 385 1662; x_wconf 90' lang='lat' dir='ltr'><strong>ad</strong></span> <span class='ocrx_word' id='word_1_105' title='bbox 400 1605 513 1678; x_wconf 89' lang='lat' dir='ltr'><strong>cetera,</strong></span> <span class='ocrx_word' id='word_1_106' title='bbox 534 1605 568 1664; x_wconf 90' lang='lat' dir='ltr'><strong>in</strong></span> <span class='ocrx_word' id='word_1_107' title='bbox 588 1606 735 1666; x_wconf 75' lang='lat' dir='ltr'><strong>continuis</strong></span> <span class='ocrx_word' id='word_1_108' title='bbox 749 1605 928 1664; x_wconf 81' lang='lat' dir='ltr'><strong>hexametris</strong></span> <span class='ocrx_word' id='word_1_109' title='bbox 943 1623 961 1663; x_wconf 89' lang='lat' dir='ltr'><strong>a</strong></span> <span class='ocrx_word' id='word_1_110' title='bbox 974 1604 1079 1682; x_wconf 86' lang='lat' dir='ltr'><strong>qniata</strong></span> 
     </span>
     <span class='ocr_line' id='line_1_18' title="bbox 105 1682 1080 1768; baseline -0.002 -19"><span class='ocrx_word' id='word_1_111' title='bbox 105 1687 182 1749; x_wconf 89' lang='lat' dir='ltr'><strong>inde</strong></span> <span class='ocrx_word' id='word_1_112' title='bbox 196 1687 274 1748; x_wconf 83' lang='lat' dir='ltr'><strong>thesi</strong></span> <span class='ocrx_word' id='word_1_113' title='bbox 288 1682 402 1748; x_wconf 82' lang='lat' dir='ltr'><strong>veritus</strong></span> <span class='ocrx_word' id='word_1_114' title='bbox 416 1691 463 1747; x_wconf 89' lang='lat' dir='ltr'><strong>est</strong></span> <span class='ocrx_word' id='word_1_115' title='bbox 478 1687 588 1748; x_wconf 87' lang='lat' dir='ltr'><strong>elidere</strong></span> <span class='ocrx_word' id='word_1_116' title='bbox 603 1689 718 1768; x_wconf 80' lang='lat' dir='ltr'><strong>longas.</strong></span> <span class='ocrx_word' id='word_1_117' title='bbox 748 1689 832 1750; x_wconf 89' lang='lat' dir='ltr'><strong>Idem</strong></span> <span class='ocrx_word' id='word_1_118' title='bbox 846 1691 948 1748; x_wconf 88' lang='lat' dir='ltr'><strong>tamon</strong></span> <span class='ocrx_word' id='word_1_119' title='bbox 959 1688 1080 1748; x_wconf 84' lang='lat' dir='ltr'><strong>admisit</strong></span> 
     </span>
     <span class='ocr_line' id='line_1_19' title="bbox 108 1771 1078 1850; baseline -0.003 -17"><span class='ocrx_word' id='word_1_120' title='bbox 108 1771 325 1850; x_wconf 89' lang='lat' dir='ltr'><strong>synaloepham</strong></span> <span class='ocrx_word' id='word_1_121' title='bbox 333 1773 364 1831; x_wconf 90' lang='grc'><strong>61</strong></span> <span class='ocrx_word' id='word_1_122' title='bbox 374 1774 443 1832; x_wconf 87' lang='grc'>6616</span> <span class='ocrx_word' id='word_1_123' title='bbox 455 1789 605 1833; x_wconf 88' lang='lat' dir='ltr'><strong>caesuram</strong></span> <span class='ocrx_word' id='word_1_124' title='bbox 613 1791 755 1834; x_wconf 85' lang='lat' dir='ltr'><strong>versuum</strong></span> <span class='ocrx_word' id='word_1_125' title='bbox 768 1773 891 1850; x_wconf 77' lang='lat' dir='ltr'><strong>elegiaci</strong></span> <span class='ocrx_word' id='word_1_126' title='bbox 903 1775 934 1831; x_wconf 89' lang='grc'><strong>61</strong></span> <span class='ocrx_word' id='word_1_127' title='bbox 945 1772 1078 1848; x_wconf 83' lang='lat' dir='ltr'><strong>galliam·</strong></span> 
     </span>
     <span class='ocr_line' id='line_1_20' title="bbox 109 1855 579 1934; baseline -0.002 -17"><span class='ocrx_word' id='word_1_128' title='bbox 109 1857 174 1917; x_wconf 89' lang='lat' dir='ltr'><strong>biei</strong></span> <span class='ocrx_word' id='word_1_129' title='bbox 189 1859 221 1916; x_wconf 88' lang='grc'><strong>61</strong></span> <span class='ocrx_word' id='word_1_130' title='bbox 235 1858 304 1932; x_wconf 88' lang='grc'>6661</span> <span class='ocrx_word' id='word_1_131' title='bbox 318 1855 444 1916; x_wconf 88' lang='lat' dir='ltr'><strong>candem</strong></span> <span class='ocrx_word' id='word_1_132' title='bbox 457 1857 493 1916; x_wconf 87' lang='grc'><strong>61</strong></span> <span class='ocrx_word' id='word_1_133' title='bbox 506 1859 579 1934; x_wconf 85' lang='lat' dir='ltr'><strong>puta</strong></span> 
     </span>
    </p>
   </div>
   <div class='ocr_carea' id='block_1_4' title="bbox 135 1955 1080 2204">
    <p class='ocr_par' dir='ltr' id='par_1_6' title="bbox 135 1955 1080 2204">
     <span class='ocr_line' id='line_1_21' title="bbox 152 1955 1080 2033; baseline 0.002 -18"><span class='ocrx_word' id='word_1_134' title='bbox 152 1975 245 2033; x_wconf 86' lang='lat' dir='ltr'><strong>quam</strong></span> <span class='ocrx_word' id='word_1_135' title='bbox 259 1956 347 2016; x_wconf 93' lang='lat' dir='ltr'><strong>modo</strong></span> <span class='ocrx_word' id='word_1_136' title='bbox 360 1958 411 2032; x_wconf 91' lang='lat' dir='ltr'><strong>qui</strong></span> <span class='ocrx_word' id='word_1_137' title='bbox 426 1975 474 2015; x_wconf 86' lang='lat' dir='ltr'><strong>ma</strong></span> <span class='ocrx_word' id='word_1_138' title='bbox 489 1957 818 2032; x_wconf 78' lang='grc'>6666616666616666</span> <span class='ocrx_word' id='word_1_139' title='bbox 833 1956 960 2016; x_wconf 90' lang='lat' dir='ltr'><strong>amicum</strong></span> <span class='ocrx_word' id='word_1_140' title='bbox 975 1955 1080 2018; x_wconf 87' lang='lat' dir='ltr'><strong>habuit</strong></span> 
     </span>
     <span class='ocr_line' id='line_1_22' title="bbox 135 2039 994 2118; baseline -0.001 -18"><span class='ocrx_word' id='word_1_141' title='bbox 135 2049 139 2054; x_wconf 89' lang='lat'>&#39;</span> <span class='ocrx_word' id='word_1_142' title='bbox 156 2059 215 2118; x_wconf 83' lang='lat' dir='ltr'><strong>ego</strong></span> <span class='ocrx_word' id='word_1_143' title='bbox 230 2059 310 2104; x_wconf 87' lang='grc'>6666</span> <span class='ocrx_word' id='word_1_144' title='bbox 324 2039 424 2100; x_wconf 87' lang='lat' dir='ltr'><strong>Rheae</strong></span> <span class='ocrx_word' id='word_1_145' title='bbox 438 2041 576 2102; x_wconf 81' lang='lat' dir='ltr'><strong>ministra</strong></span> <span class='ocrx_word' id='word_1_146' title='bbox 591 2043 623 2101; x_wconf 91' lang='grc'><strong>61</strong></span> <span class='ocrx_word' id='word_1_147' title='bbox 638 2041 765 2118; x_wconf 80' lang='lat' dir='ltr'><strong>Cybeles</strong></span> <span class='ocrx_word' id='word_1_148' title='bbox 780 2041 892 2101; x_wconf 83' lang='lat' dir='ltr'><strong>famula</strong></span> <span class='ocrx_word' id='word_1_149' title='bbox 905 2041 994 2100; x_wconf 86' lang='lat' dir='ltr'><strong>ferar.</strong></span> 
     </span>
     <span class='ocr_line' id='line_1_23' title="bbox 152 2125 912 2204; baseline 0.001 -21"><span class='ocrx_word' id='word_1_150' title='bbox 152 2125 242 2202; x_wconf 84' lang='lat' dir='ltr'><strong>piger</strong></span> <span class='ocrx_word' id='word_1_151' title='bbox 255 2125 303 2184; x_wconf 85' lang='lat' dir='ltr'><strong>hic</strong></span> <span class='ocrx_word' id='word_1_152' title='bbox 317 2125 436 2184; x_wconf 88' lang='lat' dir='ltr'><strong>labante</strong></span> <span class='ocrx_word' id='word_1_153' title='bbox 451 2125 574 2204; x_wconf 82' lang='lat' dir='ltr'><strong>langore</strong></span> <span class='ocrx_word' id='word_1_154' title='bbox 589 2127 689 2187; x_wconf 87' lang='lat' dir='ltr'><strong>oculos</strong></span> <span class='ocrx_word' id='word_1_155' title='bbox 704 2145 793 2203; x_wconf 87' lang='lat' dir='ltr'><strong>sopor</strong></span> <span class='ocrx_word' id='word_1_156' title='bbox 807 2127 912 2204; x_wconf 86' lang='lat' dir='ltr'><strong>operit.</strong></span> 
     </span>
    </p>
   </div>
   <div class='ocr_carea' id='block_1_5' title="bbox 109 2225 1080 2388">
    <p class='ocr_par' dir='ltr' id='par_1_7' title="bbox 109 2225 1080 2388">
     <span class='ocr_line' id='line_1_24' title="bbox 175 2225 1080 2302; baseline 0 -16"><span class='ocrx_word' id='word_1_157' title='bbox 175 2225 318 2302; x_wconf 87' lang='lat' dir='ltr'><strong>Reliquas</strong></span> <span class='ocrx_word' id='word_1_158' title='bbox 333 2229 441 2300; x_wconf 82' lang='lat' dir='ltr'><strong>antem,</strong></span> <span class='ocrx_word' id='word_1_159' title='bbox 457 2242 495 2288; x_wconf 89' lang='lat' dir='ltr'><strong>ne</strong></span> <span class='ocrx_word' id='word_1_160' title='bbox 509 2228 596 2287; x_wconf 92' lang='lat' dir='ltr'><strong>nimii</strong></span> <span class='ocrx_word' id='word_1_161' title='bbox 611 2227 712 2302; x_wconf 87' lang='lat' dir='ltr'><strong>simus,</strong></span> <span class='ocrx_word' id='word_1_162' title='bbox 729 2227 861 2288; x_wconf 86' lang='lat' dir='ltr'><strong>elisionis</strong></span> <span class='ocrx_word' id='word_1_163' title='bbox 876 2227 1080 2288; x_wconf 84' lang='lat' dir='ltr'><strong>observantias</strong></span> 
     </span>
     <span class='ocr_line' id='line_1_25' title="bbox 109 2310 519 2388; baseline 0 -18"><span class='ocrx_word' id='word_1_164' title='bbox 109 2311 181 2370; x_wconf 91' lang='lat' dir='ltr'><strong>addi</strong></span> <span class='ocrx_word' id='word_1_165' title='bbox 196 2310 244 2368; x_wconf 88' lang='lat' dir='ltr'><strong>hic</strong></span> <span class='ocrx_word' id='word_1_166' title='bbox 257 2311 315 2369; x_wconf 90' lang='grc'>1661</span> <span class='ocrx_word' id='word_1_167' title='bbox 331 2329 392 2370; x_wconf 89' lang='grc'><strong>666</strong></span> <span class='ocrx_word' id='word_1_168' title='bbox 410 2313 519 2388; x_wconf 86' lang='grc'>616661.</span> 
     </span>
    </p>
   </div>
   <div class='ocr_carea' id='block_1_6' title="bbox 106 2411 1093 3508">
    <p class='ocr_par' dir='ltr' id='par_1_8' title="bbox 109 2411 1081 2909">
     <span class='ocr_line' id='line_1_26' title="bbox 176 2411 1079 2490; baseline -0.001 -19"><span class='ocrx_word' id='word_1_169' title='bbox 176 2411 302 2471; x_wconf 85' lang='grc' dir='ltr'>Η161666</span> <span class='ocrx_word' id='word_1_170' title='bbox 322 2412 355 2472; x_wconf 90' lang='grc'><strong>16</strong></span> <span class='ocrx_word' id='word_1_171' title='bbox 376 2413 457 2472; x_wconf 89' lang='lat' dir='ltr'><strong>arsin</strong></span> <span class='ocrx_word' id='word_1_172' title='bbox 473 2411 607 2471; x_wconf 87' lang='lat' dir='ltr'><strong>admittit</strong></span> <span class='ocrx_word' id='word_1_173' title='bbox 622 2411 757 2473; x_wconf 80' lang='lat' dir='ltr'><strong>Catullus</strong></span> <span class='ocrx_word' id='word_1_174' title='bbox 771 2413 862 2490; x_wconf 78' lang='lat' dir='ltr'><strong>longa</strong></span> <span class='ocrx_word' id='word_1_175' title='bbox 875 2412 957 2471; x_wconf 87' lang='lat' dir='ltr'><strong>finali</strong></span> <span class='ocrx_word' id='word_1_176' title='bbox 972 2413 1003 2470; x_wconf 89' lang='lat' dir='ltr'><strong>at</strong></span> <span class='ocrx_word' id='word_1_177' title='bbox 1016 2411 1079 2486; x_wconf 90' lang='lat' dir='ltr'><strong>qui·</strong></span> 
     </span>
     <span class='ocr_line' id='line_1_27' title="bbox 110 2494 1080 2574; baseline -0.001 -19"><span class='ocrx_word' id='word_1_178' title='bbox 110 2497 182 2556; x_wconf 91' lang='lat' dir='ltr'><strong>dem</strong></span> <span class='ocrx_word' id='word_1_179' title='bbox 195 2496 229 2554; x_wconf 89' lang='lat' dir='ltr'><strong>in</strong></span> <span class='ocrx_word' id='word_1_180' title='bbox 243 2513 366 2556; x_wconf 86' lang='lat' dir='ltr'><strong>caesura</strong></span> <span class='ocrx_word' id='word_1_181' title='bbox 385 2495 521 2574; x_wconf 80' lang='lat' dir='ltr'><strong>legitima</strong></span> <span class='ocrx_word' id='word_1_182' title='bbox 535 2496 700 2556; x_wconf 82' lang='lat' dir='ltr'><strong>hexametri</strong></span> <span class='ocrx_word' id='word_1_183' title='bbox 717 2500 766 2572; x_wconf 93' lang='grc'><strong>66,</strong></span> <span class='ocrx_word' id='word_1_184' title='bbox 784 2499 832 2556; x_wconf 94' lang='grc'><strong>11.</strong></span> <span class='ocrx_word' id='word_1_185' title='bbox 851 2498 920 2570; x_wconf 93' lang='grc'>107,</span> <span class='ocrx_word' id='word_1_186' title='bbox 939 2497 966 2554; x_wconf 94' lang='grc'><strong>1.</strong></span> <span class='ocrx_word' id='word_1_187' title='bbox 995 2494 1080 2555; x_wconf 87' lang='lat' dir='ltr'><strong>Idem</strong></span> 
     </span>
     <span class='ocr_line' id='line_1_28' title="bbox 110 2580 1081 2656; baseline -0.003 -17"><span class='ocrx_word' id='word_1_188' title='bbox 110 2599 150 2639; x_wconf 89' lang='lat' dir='ltr'><strong>an</strong></span> <span class='ocrx_word' id='word_1_189' title='bbox 171 2581 204 2640; x_wconf 90' lang='lat' dir='ltr'><strong>in</strong></span> <span class='ocrx_word' id='word_1_190' title='bbox 226 2581 405 2656; x_wconf 84' lang='lat' dir='ltr'><strong>pentametri</strong></span> <span class='ocrx_word' id='word_1_191' title='bbox 424 2581 569 2642; x_wconf 87' lang='lat' dir='ltr'><strong>incisione</strong></span> <span class='ocrx_word' id='word_1_192' title='bbox 593 2581 722 2642; x_wconf 85' lang='lat' dir='ltr'><strong>similem</strong></span> <span class='ocrx_word' id='word_1_193' title='bbox 743 2581 911 2642; x_wconf 87' lang='lat' dir='ltr'><strong>adhibuerit</strong></span> <span class='ocrx_word' id='word_1_194' title='bbox 930 2580 1081 2638; x_wconf 84' lang='lat' dir='ltr'><strong>licentiam</strong></span> 
     </span>
     <span class='ocr_line' id='line_1_29' title="bbox 109 2663 1080 2740; baseline -0.002 -17"><span class='ocrx_word' id='word_1_195' title='bbox 109 2683 175 2724; x_wconf 91' lang='lat' dir='ltr'><strong>non</strong></span> <span class='ocrx_word' id='word_1_196' title='bbox 195 2663 267 2724; x_wconf 88' lang='grc'>66116</span> <span class='ocrx_word' id='word_1_197' title='bbox 291 2666 415 2724; x_wconf 86' lang='lat' dir='ltr'><strong>constat.</strong></span> <span class='ocrx_word' id='word_1_198' title='bbox 462 2663 507 2724; x_wconf 84' lang='lat' dir='ltr'><strong>Cf.</strong></span> <span class='ocrx_word' id='word_1_199' title='bbox 532 2665 560 2724; x_wconf 90' lang='lat' dir='ltr'><strong>d.</strong></span> <span class='ocrx_word' id='word_1_200' title='bbox 582 2684 607 2724; x_wconf 90' lang='lat' dir='ltr'><strong>r.</strong></span> <span class='ocrx_word' id='word_1_201' title='bbox 627 2684 668 2724; x_wconf 92' lang='lat' dir='ltr'><strong>m.</strong></span> <span class='ocrx_word' id='word_1_202' title='bbox 690 2667 761 2726; x_wconf 89' lang='grc'>310.</span> <span class='ocrx_word' id='word_1_203' title='bbox 784 2666 856 2725; x_wconf 83' lang='lat'><strong>332.</strong></span> <span class='ocrx_word' id='word_1_204' title='bbox 907 2663 984 2722; x_wconf 85' lang='lat' dir='ltr'><strong>Sane</strong></span> <span class='ocrx_word' id='word_1_205' title='bbox 1005 2681 1080 2740; x_wconf 89' lang='lat' dir='ltr'><strong>quae</strong></span> 
     </span>
     <span class='ocr_line' id='line_1_30' title="bbox 110 2747 1080 2826; baseline 0.001 -20"><span class='ocrx_word' id='word_1_206' title='bbox 110 2749 252 2808; x_wconf 85' lang='lat' dir='ltr'><strong>feruntur</strong></span> <span class='ocrx_word' id='word_1_207' title='bbox 271 2749 406 2824; x_wconf 85' lang='lat' dir='ltr'><strong>exempla</strong></span> <span class='ocrx_word' id='word_1_208' title='bbox 427 2750 477 2822; x_wconf 87' lang='grc'><strong>66,</strong></span> <span class='ocrx_word' id='word_1_209' title='bbox 494 2751 551 2826; x_wconf 76' lang='lat'><strong>483</strong></span> <span class='ocrx_word' id='word_1_210' title='bbox 574 2751 624 2823; x_wconf 87' lang='grc'><strong>67,</strong></span> <span class='ocrx_word' id='word_1_211' title='bbox 646 2750 703 2826; x_wconf 80' lang='lat'><strong>443</strong></span> <span class='ocrx_word' id='word_1_212' title='bbox 727 2750 870 2824; x_wconf 84' lang='grc'>68,158;</span> <span class='ocrx_word' id='word_1_213' title='bbox 893 2749 942 2821; x_wconf 87' lang='grc'><strong>97,</strong></span> <span class='ocrx_word' id='word_1_214' title='bbox 960 2747 978 2804; x_wconf 77' lang='lat'>2</span> <span class='ocrx_word' id='word_1_215' title='bbox 999 2747 1080 2807; x_wconf 88' lang='lat' dir='ltr'><strong>facili</strong></span> 
     </span>
     <span class='ocr_line' id='line_1_31' title="bbox 109 2833 520 2909; baseline -0.005 -17"><span class='ocrx_word' id='word_1_216' title='bbox 109 2835 237 2909; x_wconf 84' lang='grc'>6616666</span> <span class='ocrx_word' id='word_1_217' title='bbox 253 2851 343 2908; x_wconf 88' lang='grc'>66666</span> <span class='ocrx_word' id='word_1_218' title='bbox 361 2833 520 2894; x_wconf 79' lang='lat' dir='ltr'><strong>removeri.</strong></span> 
     </span>
    </p>

    <p class='ocr_par' dir='ltr' id='par_1_9' title="bbox 109 2915 1093 3161">
     <span class='ocr_line' id='line_1_32' title="bbox 175 2915 1081 2994; baseline 0.001 -20"><span class='ocrx_word' id='word_1_219' title='bbox 175 2916 212 2976; x_wconf 90' lang='lat' dir='ltr'><strong>In</strong></span> <span class='ocrx_word' id='word_1_220' title='bbox 231 2915 309 2976; x_wconf 90' lang='lat' dir='ltr'><strong>thesi</strong></span> <span class='ocrx_word' id='word_1_221' title='bbox 328 2918 377 2976; x_wconf 87' lang='grc'><strong>166</strong></span> <span class='ocrx_word' id='word_1_222' title='bbox 396 2918 537 2993; x_wconf 84' lang='lat' dir='ltr'><strong>probavit</strong></span> <span class='ocrx_word' id='word_1_223' title='bbox 550 2917 666 2977; x_wconf 87' lang='lat' dir='ltr'><strong>hiatum</strong></span> <span class='ocrx_word' id='word_1_224' title='bbox 681 2917 769 2978; x_wconf 81' lang='lat' dir='ltr'><strong>sollte</strong></span> <span class='ocrx_word' id='word_1_225' title='bbox 784 2917 873 2978; x_wconf 87' lang='lat' dir='ltr'><strong>modo</strong></span> <span class='ocrx_word' id='word_1_226' title='bbox 888 2934 922 2976; x_wconf 88' lang='grc'><strong>66</strong></span> <span class='ocrx_word' id='word_1_227' title='bbox 935 2915 1081 2994; x_wconf 84' lang='lat' dir='ltr'><strong>permisso</strong></span> 
     </span>
     <span class='ocr_line' id='line_1_33' title="bbox 109 2999 1093 3078; baseline 0.001 -19"><span class='ocrx_word' id='word_1_228' title='bbox 109 2999 168 3060; x_wconf 92' lang='lat' dir='ltr'><strong>hoc</strong></span> <span class='ocrx_word' id='word_1_229' title='bbox 193 3002 240 3060; x_wconf 88' lang='lat' dir='ltr'><strong>ast</strong></span> <span class='ocrx_word' id='word_1_230' title='bbox 265 3003 317 3060; x_wconf 87' lang='lat' dir='ltr'><strong>aut</strong></span> <span class='ocrx_word' id='word_1_231' title='bbox 340 3001 373 3060; x_wconf 93' lang='lat' dir='ltr'><strong>in</strong></span> <span class='ocrx_word' id='word_1_232' title='bbox 391 3002 609 3078; x_wconf 81' lang='lat' dir='ltr'><strong>monosyllabis</strong></span> <span class='ocrx_word' id='word_1_233' title='bbox 636 3004 778 3078; x_wconf 83' lang='lat' dir='ltr'><strong>sequente</strong></span> <span class='ocrx_word' id='word_1_234' title='bbox 797 3001 883 3062; x_wconf 81' lang='lat' dir='ltr'><strong>brevi</strong></span> <span class='ocrx_word' id='word_1_235' title='bbox 904 3003 956 3058; x_wconf 89' lang='lat' dir='ltr'><strong>aut</strong></span> <span class='ocrx_word' id='word_1_236' title='bbox 982 2999 1093 3060; x_wconf 88' lang='lat' dir='ltr'><strong>addita.</strong></span> 
     </span>
     <span class='ocr_line' id='line_1_34' title="bbox 109 3083 742 3161; baseline 0.003 -19"><span class='ocrx_word' id='word_1_237' title='bbox 109 3083 204 3160; x_wconf 86' lang='lat' dir='ltr'><strong>longa</strong></span> <span class='ocrx_word' id='word_1_238' title='bbox 217 3084 250 3142; x_wconf 91' lang='lat' dir='ltr'><strong>in</strong></span> <span class='ocrx_word' id='word_1_239' title='bbox 265 3083 390 3158; x_wconf 82' lang='lat' dir='ltr'><strong>creticis,</strong></span> <span class='ocrx_word' id='word_1_240' title='bbox 407 3085 457 3158; x_wconf 85' lang='grc'><strong>55,</strong></span> <span class='ocrx_word' id='word_1_241' title='bbox 474 3087 509 3160; x_wconf 83' lang='grc'><strong>4;</strong></span> <span class='ocrx_word' id='word_1_242' title='bbox 527 3087 577 3159; x_wconf 90' lang='grc'><strong>97,</strong></span> <span class='ocrx_word' id='word_1_243' title='bbox 595 3089 629 3161; x_wconf 82' lang='grc'><strong>1;</strong></span> <span class='ocrx_word' id='word_1_244' title='bbox 647 3088 696 3160; x_wconf 85' lang='grc'><strong>57,</strong></span> <span class='ocrx_word' id='word_1_245' title='bbox 714 3089 742 3144; x_wconf 93' lang='grc'><strong>7.</strong></span> 
     </span>
    </p>

    <p class='ocr_par' dir='ltr' id='par_1_10' title="bbox 106 3184 1082 3508">
     <span class='ocr_line' id='line_1_35' title="bbox 175 3184 1081 3259; baseline 0.003 -16"><span class='ocrx_word' id='word_1_246' title='bbox 175 3184 335 3244; x_wconf 85' lang='grc' dir='ltr'>Ρ66616666</span> <span class='ocrx_word' id='word_1_247' title='bbox 353 3185 519 3245; x_wconf 80' lang='lat' dir='ltr'><strong>notandum</strong></span> <span class='ocrx_word' id='word_1_248' title='bbox 541 3204 577 3246; x_wconf 84' lang='lat' dir='ltr'><strong>ex</strong></span> <span class='ocrx_word' id='word_1_249' title='bbox 596 3186 853 3245; x_wconf 85' lang='lat' dir='ltr'><strong>interiectionibus</strong></span> <span class='ocrx_word' id='word_1_250' title='bbox 872 3184 940 3244; x_wconf 86' lang='lat' dir='ltr'><strong>illas</strong></span> <span class='ocrx_word' id='word_1_251' title='bbox 961 3203 990 3258; x_wconf 85' lang='grc'><strong>6,</strong></span> <span class='ocrx_word' id='word_1_252' title='bbox 1010 3204 1036 3259; x_wconf 88' lang='grc'><strong>6,</strong></span> <span class='ocrx_word' id='word_1_253' title='bbox 1051 3189 1081 3246; x_wconf 82' lang='lat' dir='ltr'><strong>io</strong></span> 
     </span>
     <span class='ocr_line' id='line_1_36' title="bbox 108 3268 1081 3346; baseline 0 -18"><span class='ocrx_word' id='word_1_254' title='bbox 108 3287 232 3328; x_wconf 86' lang='lat' dir='ltr'><strong>manere</strong></span> <span class='ocrx_word' id='word_1_255' title='bbox 252 3269 386 3346; x_wconf 82' lang='lat' dir='ltr'><strong>integras</strong></span> <span class='ocrx_word' id='word_1_256' title='bbox 407 3273 475 3330; x_wconf 86' lang='lat' dir='ltr'><strong>ante</strong></span> <span class='ocrx_word' id='word_1_257' title='bbox 495 3271 644 3342; x_wconf 85' lang='lat' dir='ltr'><strong>vocalem,</strong></span> <span class='ocrx_word' id='word_1_258' title='bbox 665 3269 778 3328; x_wconf 85' lang='grc'>166661</span> <span class='ocrx_word' id='word_1_259' title='bbox 799 3269 825 3328; x_wconf 90' lang='lat' dir='ltr'><strong>si</strong></span> <span class='ocrx_word' id='word_1_260' title='bbox 845 3268 906 3328; x_wconf 90' lang='lat' dir='ltr'><strong>sint</strong></span> <span class='ocrx_word' id='word_1_261' title='bbox 924 3269 1048 3345; x_wconf 83' lang='grc'>6661166,</span> <span class='ocrx_word' id='word_1_262' title='bbox 1064 3286 1081 3328; x_wconf 89' lang='grc'><strong>6</strong></span> 
     </span>
     <span class='ocr_line' id='line_1_37' title="bbox 108 3353 1082 3440; baseline 0 -28"><span class='ocrx_word' id='word_1_263' title='bbox 108 3353 212 3427; x_wconf 81' lang='grc'>611666,</span> <span class='ocrx_word' id='word_1_264' title='bbox 229 3353 255 3412; x_wconf 90' lang='grc'><strong>61</strong></span> <span class='ocrx_word' id='word_1_265' title='bbox 270 3354 303 3412; x_wconf 91' lang='grc'><strong>16</strong></span> <span class='ocrx_word' id='word_1_266' title='bbox 316 3353 404 3414; x_wconf 86' lang='lat' dir='ltr'><strong>thesi.</strong></span> <span class='ocrx_word' id='word_1_267' title='bbox 435 3353 582 3414; x_wconf 83' lang='lat' dir='ltr'><strong>Similiter</strong></span> <span class='ocrx_word' id='word_1_268' title='bbox 596 3354 687 3428; x_wconf 83' lang='lat' dir='ltr'><strong>longa</strong></span> <span class='ocrx_word' id='word_1_269' title='bbox 701 3353 805 3428; x_wconf 87' lang='lat' dir='ltr'><strong>utique</strong></span> <span class='ocrx_word' id='word_1_270' title='bbox 820 3354 919 3430; x_wconf 85' lang='lat' dir='ltr'><strong>priore</strong></span> <span class='ocrx_word' id='word_1_271' title='bbox 934 3354 1082 3440; x_wconf 73' lang='lat' dir='ltr'><strong>habentur</strong></span> 
     </span>
     <span class='ocr_line' id='line_1_38' title="bbox 106 3437 323 3508; baseline -0.005 -9"><span class='ocrx_word' id='word_1_272' title='bbox 106 3457 127 3499; x_wconf 88' lang='grc'><strong>6</strong></span> <span class='ocrx_word' id='word_1_273' title='bbox 142 3457 173 3508; x_wconf 88' lang='lat' dir='ltr'><strong>a,</strong></span> <span class='ocrx_word' id='word_1_274' title='bbox 187 3439 244 3498; x_wconf 84' lang='grc'><strong>166</strong></span> <span class='ocrx_word' id='word_1_275' title='bbox 258 3437 323 3498; x_wconf 78' lang='lat' dir='ltr'><strong>heu.</strong></span> 
     </span>
    </p>
   </div>
   <div class='ocr_carea' id='block_1_7' title="bbox 0 0 1325 4116">
    <p class='ocr_par' dir='ltr' id='par_1_11' title="bbox 0 0 1325 4116">
     <span class='ocr_line' id='line_1_39' title="bbox 0 0 1325 4116; baseline 0 0"><span class='ocrx_word' id='word_1_276' title='bbox 0 0 1325 4116; x_wconf 95' lang='lat' dir='ltr'><strong> </strong></span> 
     </span>
    </p>
   </div>
  </div>
 </body>
</html>
