2630 4110
459 167 671 225 PRAEFATIO.
929 179 1043 228 xxxlll

96 334 117 392 ei
130 333 327 395 retinerentur
339 334 371 394 in
386 351 474 394 earm.
491 337 530 396 65
549 337 639 396 nimis
659 336 809 397 retardare
824 336 965 397 orationis
980 355 1044 395 cur-

95 437 162 492 sum,
179 420 264 479 obliti
276 421 348 480 sunt
361 419 406 478 illi
422 420 534 480 similes
545 419 736 496 parentheses
748 423 779 480 et
789 421 861 481 alibi
873 424 904 480 et
917 421 1044 478 maxime

94 503 122 560 in
140 503 229 580 elegis
245 501 358 562 Catulli
381 520 532 564 occurrere
553 506 729 580 complures.
758 504 799 564 Et
812 505 920 564 iniecta
933 522 1044 564 memo-

94 586 134 643 ria
148 586 262 662 fratris,
284 587 368 646 errius
389 587 471 646 omni
485 589 635 648 occasione
651 607 718 647 cum
732 588 860 646 maxima
873 589 985 664 pietate
999 605 1044 646 ce·

93 669 214 730 lebravit
232 671 421 744 memoriam,
443 689 512 730 eum
530 673 630 746 paullo
649 672 768 749 longius
783 674 934 732 aberrasse
948 671 985 730 ab
999 689 1044 730 ar-

94 755 226 827 gumento
250 754 389 813 carminis
409 754 481 828 quid
501 755 620 814 hercule
638 756 695 816 hoe
722 757 787 815 loco
814 756 910 832 magis
935 755 1045 814 mirum

94 856 175 912 quem
188 839 220 897 in
235 857 260 897 c.
278 840 318 898 68
337 833 494 916 [le—26.
512 833 703 918 89-100]?
733 838 861 900 Omnino
881 838 1045 898 notandum

94 924 219 981 cantores
240 921 442 996 Euphorionis
461 921 671 982 Alexandrinis
690 923 786 998 poetis
808 923 962 982 obsecutos
981 923 1045 981 lon-

93 1005 183 1080 giores
198 1005 397 1082 digressiones
413 1005 485 1064 adeo
499 1024 561 1065 non
573 1006 777 1078 reformidare,
792 1009 827 1064 ut
844 1006 944 1081 potius
958 1006 1045 1065 vehe-

93 1092 200 1149 menter
218 1089 357 1166 probent.
388 1089 506 1148 Similes
526 1089 568 1148 eis
589 1091 730 1164 exparte
750 1088 880 1165 Augusti
899 1090 1044 1163 aequales.

94 1170 133 1230 ef.
155 1172 217 1232 eae.
241 1173 297 1246 65,
321 1174 469 1247 19-243
492 1173 546 1246 68,
571 1173 748 1234 109-118
771 1169 821 1250 (ne
842 1172 877 1232 de
896 1171 1045 1230 Ariadnae

94 1257 218 1332 episodio
232 1259 266 1316 in
281 1257 392 1332 epyllio
413 1256 546 1316 eiusdem
567 1254 686 1335 dicam),
702 1275 757 1318 nec
766 1257 864 1316 minus
877 1256 990 1314 Tibulli
1004 1256 1044 1329 H,

93 1341 118 1413 5,
134 1343 278 1400 23-38.

150 1424 290 1484 Ceterum
312 1427 434 1501 apparet
452 1443 481 1485 v.
497 1427 526 1498 9,
547 1425 724 1501 ubicumque
744 1428 872 1501 ponatur
885 1443 947 1485 non
960 1443 1045 1499 posse

92 1508 222 1586 intellegi
243 1509 338 1582 reete,
359 1508 418 1568 nisi
439 1510 603 1569 statuemus
618 1509 762 1586 quaedam
777 1512 845 1570 ante
859 1528 928 1568 eum
942 1509 1047 1567 lacuna

93 1610 150 1652 csse
164 1593 280 1666 hausta,
296 1611 363 1653 cum
378 1592 415 1650 ad
429 1591 461 1652 id
471 1593 551 1668 quod
561 1595 607 1652 est
620 1595 753 1666 auoqcar
763 1611 859 1668 neque
873 1591 1046 1653 adverbium

91 1693 248 1750 mmrpuom
258 1695 294 1735 ex
304 1676 447 1753 proximis
462 1678 530 1752 apte
544 1675 639 1752 possit
650 1678 791 1753 suppleri,
806 1679 838 1735 et
848 1676 946 1736 minus
956 1676 1047 1734 etiam

91 1759 161 1818 illud
181 1766 235 1822 tua
256 1759 335 1832 fecto
359 1761 526 1834 loquentem.
577 1759 673 1831 Quare
700 1779 753 1819 suo
773 1760 839 1818 iure
864 1759 936 1818 fecit
955 1759 1046 1816 Lach-

92 1862 227 1918 manuus,
252 1843 330 1921 quod
350 1847 420 1920 post
440 1863 470 1902 v.
493 1845 511 1902 8
531 1842 677 1919 quaedam
697 1843 838 1901 excidisse
858 1841 1047 1900 existimavit.

94 1927 167 1998 Quos
187 1929 241 1987 ille
262 1927 299 1986 ad
320 1927 461 1988 damnum
481 1926 537 1986 hoo
556 1924 775 1986 resarciendum
796 1943 832 1984 ex
851 1925 917 1984 aliis
938 1922 1049 1984 Catulli

93 2013 267 2072 carminibus
288 2011 460 2087 adsumptos
481 2009 595 2068 addidit
613 2009 682 2070 huic
701 2009 766 2070 loco
788 2027 905 2083 versus,
931 2008 1049 2068 etiamsi

92 2096 218 2172 recipere
238 2097 272 2154 in
291 2095 426 2154 ordinem
439 2094 599 2155 verborum
614 2113 716 2154 sumus
730 2093 826 2168 veriti,
848 2095 937 2169 aptos,
947 2095 1049 2152 temen

93 2197 152 2238 esse
166 2180 290 2238 minime
304 2197 457 2255 negamus.

150 2264 190 2322 ib.
203 2265 222 2322 9
237 2262 317 2335 facto
331 2262 397 2320 add.
412 2261 491 2320 itali.

149 2347 190 2406 ib.
209 2347 343 2405 19-242
368 2345 454 2404 Hanc
467 2347 583 2422 partem
597 2346 763 2406 rectissimo
774 2345 882 2405 iudicio
897 2364 967 2404 usus
982 2363 1049 2403 cum

92 2429 277 2490 Lachmanno
303 2433 335 2489 et
353 2430 504 2507 plerisque
530 2430 757 2489 continuandam
782 2447 846 2489 esse
870 2427 964 2505 priori
991 2431 1049 2486 sta-

92 2516 147 2574 tuit
168 2515 340 2574 Schwabius
360 2517 473 2589 quaest.
496 2512 559 2573 est.
574 2531 625 2589 pg.
642 2513 713 2572 273.
738 2511 874 2571 Videnda
888 2529 962 2586 ques
977 2510 1049 2568 dixi-

92 2618 154 2659 mus
169 2599 208 2656 ad
221 2619 250 2658 v.
267 2601 296 2658 9.

153 2677 204 2756 66',
222 2685 240 2742 6
255 2684 342 2751 aerio,
358 2682 503 2757 cipraef.
518 2681 591 2742 Hor.
606 2700 657 2758 pg‚
672 2682 736 2740 XX.

152 2768 193 2826 ib.
212 2769 229 2825 7
244 2769 279 2825 ire
292 2767 404 2826 umere
414 2764 549 2839 Vossius,
564 2769 685 2825 rumine
698 2765 778 2823 libri.

152 2851 194 2909 ib.
212 2852 229 2909 9
246 2852 355 2911 mdis
366 2849 524 2924 Hauptius,
540 2851 639 2908 multra
653 2849 734 2924 edd.;
758 2849 876 2910 demon
890 2847 968 2920 Itali,
985 2849 1051 2908 dea·
1145 2863 1147 2868 '

91 2952 156 2994 rrmr
170 2933 210 2992 V.

153 3020 196 3077 ib.
214 3020 253 3079 16
266 3019 352 3078 sabis
365 3017 504 3094 Heysius.

152 3103 195 3162 ib.
212 3103 250 3160 21
267 3119 309 3162 arr
322 3102 401 3176 Itali,
417 3107 447 3162 ot
461 3101 526 3161 edd.

153 3187 195 3244 ib.
206 3187 245 3244 23
258 3203 347 3259 quom
354 3183 627 3262 Bentleius(fuerat
638 3185 701 3244 sine
714 3184 804 3243 dubio
815 3179 975 3261 eam),eum
986 3182 1051 3243 odd.

153 3271 197 3329 ib.
213 3270 253 3327 45
262 3286 398 3343 peperere
412 3269 490 3342 Itali,
500 3285 623 3343 propere
637 3268 701 3326 edd.

153 3353 196 3411 ib.
213 3355 253 3412 48
271 3350 419 3426 Chalybon
432 3352 608 3425 Politianus,
624 3353 737 3411 celituru
750 3351 787 3409 V.

154 3437 198 3496 ib.
214 3437 254 3496 53
270 3437 448 3497 uidentibus
461 3435 626 3510 Bentleiue,
641 3438 814 3497 carcereos
829 3435 894 3495 cdd.
