2632 4140
25 217 26 220 a
136 185 243 259 1111]
339 141 359 148 ”
516 189 693 249 11111111,
1053 187 1095 250 aa

66 369 69 376 ⁴
134 347 239 432 Atque
261 313 385 412 utinam
406 351 531 432 pereat,
554 349 631 414 Nilo
654 372 734 434 quae
757 371 846 416 sacra
866 353 995 435 tepente

174 431 266 496 Misit
286 433 441 496 matronis
462 432 591 498 Inachis
612 435 780 499 Ausoniis!
928 441 930 448 ’

26 603 27 610 ¹
119 515 220 591 'Quae
242 515 390 580 deatum
413 517 544 600 cupidos
566 518 684 583 totiens
707 519 814 584 divisit
836 519 1025 584 amantes?
1078 533 1093 580 1

175 599 397 684 Quaecumque
419 601 476 664 illa
496 601 573 684 11111,
597 623 722 687 semper
743 625 849 684 amara
870 603 941 667 fuit.

133 681 180 748 Tu
201 687 287 748 certe
309 683 396 748 lovis
419 685 552 752 01111111
574 686 609 750 in
630 687 804 770 amoribus,
827 686 880 770 Io,

173 766 324 850 Sensisti,
346 768 464 832 multas
486 768 562 852 quid
584 770 626 834 sit
647 770 728 836 inire
750 771 832 854 vias,

132 849 213 916 Cum
234 855 267 915 te
288 851 383 916 iussit
401 851 518 917 habere
539 854 680 936 puellam
702 875 820 919 cornua
842 853 922 918 Iuno

172 935 216 1000 Et
236 935 361 1018 pecoris
384 935 462 1000 duro
483 937 615 1020 perdere
636 938 733 1002 verba
754 959 844 1002 sono.
1060 951 1092 998 10

131 1018 161 1082 A
183 1019 330 1102 quotiens
352 1020 481 1103 quernis
503 1021 625 1085 laesisti
646 1021 812 1086 frondibus
834 1023 902 1086 ora!

172 1101 320 1166 Mansisti
343 1103 475 1169 stabulis
498 1104 606 1170 abdita
625 1107 717 1189 pasta
737 1105 811 1168 tuis.
961 1165 963 1168 .

132 1187 197 1269 An,
221 1187 374 1270 quoniam
395 1190 554 1272 agrestem
577 1189 713 1254 detraxit
731 1189 773 1253 *ab
796 1209 850 1252 ore
871 1189 1006 1273 figuram

171 1269 329 1354 Iuppiter,
351 1271 469 1336 ideirco
491 1271 577 1338 facta
598 1273 734 1358 superba
755 1271 860 1336 dea’s?

25 1375 26 1422 l
130 1355 183 1418 An
204 1354 264 1418 tibi
285 1376 352 1418 11011
374 1356 450 1420 satis
473 1360 523 1420 est
543 1357 641 1421 fuscis
656 1357 822 1441 Aegyptus
844 1355 1002 1420 alumnis?
1059 1369 1090 1416 15

172 1438 237 1504 Our
257 1439 317 1503 tibi
338 1442 404 1504 tam
425 1440 524 1526 longa
544 1440 647 1506 Roma
667 1441 768 1525 petita
789 1440 860 1505 via?

25 1545 27 1608 ξ
131 1522 251 1600 Quidve
272 1523 332 1586 tibi
353 1523 484 1607 prodest
502 1525 612 1590 viduas
635 1525 772 1589 dormire
793 1523 937 1608 puellas?

173 1607 236 1672 Sed
257 1607 332 1691 tibi,
355 1607 448 1672 erede
469 1608 563 1692 mihi,
586 1630 705 1673 cornua
725 1629 833 1672 rursus
857 1611 962 1689 erunt,

133 1691 196 1755 Aut
217 1712 277 1756 nos
299 1713 316 1756 e
338 1695 516 1776 nostrate,
538 1713 646 1774 saeva,
669 1692 850 1776 fugabimus
872 1691 965 1755 urbe:

171 1775 253 1841 Cum
275 1775 382 1840 Tiberi
402 1774 479 1840 Nilo
500 1775 604 1860 gratia
624 1775 713 1838 nulla
732 1774 804 1838 fuit.
1054 1787 1088 1835 20

131 1860 174 1924 At
194 1863 246 1941 tu,
270 1881 349 1942 quae
370 1862 481 1924 nostro
503 1859 638 1924 nimium
658 1853 786 1942 placata
807 1857 956 1938 dolores,

25 1983 26 1986 ¹
171 1943 328 2010 Noctibus
350 1943 401 2008 his
423 1944 514 2010 vacui
535 1947 584 2008 ter
605 1943 759 2008 faciamus
781 1942 851 2004 iter.

25 2075 26 2098 2
131 2025 204 2091 Non
226 2025 316 2090 audis
338 2031 371 2090 et
392 2027 488 2092 verba
508 2028 587 2092 sinis
609 2048 681 2092 mea
701 2026 824 2109 ludere,
848 2045 920 2089 cum
941 2025 1005 2088 iam

25 2181 26 2188 χ
172 2110 317 2174 Flectant
338 2109 433 2177 Icarii
454 2111 558 2177 sidera
578 2111 669 2176 tarda
690 2111 797 2176 boves.

25 2209 26 2272 1
130 2194 230 2258 Lenta
245 2193 342 2258 bibis:
365 2195 488 2260 mediae
502 2199 666 2280 nequeunt
681 2199 713 2260 te
728 2196 876 2278 frangere
890 2199 1011 2258 noctes.
1056 2205 1088 2255 11

25 2275 26 2356 j
171 2278 225 2342 An
246 2279 422 2343 nondurnst
443 2280 525 2344 talos
547 2280 674 2344 mittere
696 2280 779 2343 lassa
800 2277 937 2342 manus?

25 2377 26 2448 q
130 2363 158 2425 A
180 2365 305 2446 pereat,
328 2363 518 2446 quicumque
537 2385 679 2427 meracas
700 2363 842 2446 repperit
862 2383 938 2425 uvas

25 2487 26 2510 r
171 2447 383 2530 Corrupitque
405 2447 505 2511 bonas
527 2451 655 2512 nectare
675 2446 797 2531 primus
820 2446 932 2528 aquas!

25 2583 26 2622 q
130 2529 218 2594 Ieare
240 2527 402 2614 Cecropiis
424 2531 538 2611 merito
560 2531 703 2616 iugulate
725 2529 863 2612 colonis,

25 2623 26 2648 l
171 2614 363 2698 Pampineus
384 2615 472 2680 nosti
493 2616 653 2700 quamsit
674 2635 799 2680 amarus
821 2613 906 2678 odor.
1056 2624 1090 2673 30

130 2695 239 2847 'lupus
262 2719 280 2762 o
302 2698 462 2782 Eurytion
482 2701 557 2764 vino
581 2698 738 2767 Centaure
759 2697 887 2784 peristi,

204 2803 240 2847 ec
260 2802 328 2846 non
349 2782 483 2849 Ismario
505 2787 555 2866 tu,
577 2783 789 2867 Polypheme,
811 2803 909 2846 mero.

25 2873 26 2888 *
129 2864 214 2932 Vino
236 2865 341 2930 forma
361 2866 458 2950 perit,
480 2867 556 2930 vino
580 2868 792 2950 corrumpitur
814 2869 916 2948 aetas,

158 2949 255 3014 vino
278 2972 372 3035 saepe
394 2972 486 3016 suum
509 2951 612 3014 nescit
633 2951 736 3014 amica
756 2951 869 3014 virum.

25 3033 26 3076 ³
128 3033 182 3098 Me
203 3035 370 3119 miserum,
392 3037 429 3099 ut
450 3035 552 3100 multo
573 3033 656 3098 nihil
678 3037 728 3098 est
747 3037 870 3098 mutata
891 3031 1012 3115 Lyaeo!
1057 3045 1088 3092 35

25 3163 26 3170 1
171 3117 239 3182 Iam
261 3118 350 3184 bibe:
372 3119 552 3184 formosa’s:
574 3119 622 3184 nil
643 3119 704 3183 tibi
725 3119 952 3199 1111111111,

25 3225 27 3286 5
129 3201 210 3268 Oum
232 3205 287 3266 tua
308 3204 526 3288 praependent
548 3203 702 3268 demissae
723 3202 758 3266 in
779 3195 896 3286 pocul'a
917 3203 1019 3264 sertae

25 3287 27 3372 ξ
170 3285 215 3350 Et
235 3309 307 3352 mea
328 3287 463 3354 deducta
484 3287 626 3353 carmina
646 3307 724 3352 voce
745 3287 775 3350 le
802 3286 838 3349 ’1.

25 3373 27 3424 ῗ
126 3371 262 3455 Largius
285 3371 384 3440 effuso
407 3372 533 3436 madeat
553 3371 614 3435 tibi
635 3392 746 3436 mensa
794 3370 918 3452 alerno,

171 3455 304 3540 Spumet
325 3461 359 3522 et
379 3461 488 3522 aurato
510 3455 639 3521 mollius
660 3456 696 3520 in
717 3455 824 3520 calice.
1056 3464 1089 3510 40
