2632 4140
257 203 300 270 54
634 205 827 262 Paormuu
1111 204 1236 276 [axvi.

364 369 503 435 Pulchra
524 368 568 432 sit
589 367 624 431 in
646 367 784 452 superis,
807 367 833 430 si
855 365 944 440 lieet,
968 387 1033 430 una
1054 365 1143 431 locis.
1197 381 1236 430 50

293 452 532 520 cVobiseumst
552 451 644 535 Iope,
667 450 831 516 vobiscum
853 449 988 516 candida
1008 447 1109 533 Tyro,

364 536 539 603 Vobiscum
561 535 690 619 Europe
711 555 771 600 nee
791 534 893 620 proba
914 532 1087 618 Pasiphae,

322 621 367 687 Et
380 624 459 705 quot
473 619 569 685 lboia
582 619 658 684 tulit
671 621 762 684 vetus
778 625 811 684 et
826 621 904 702 quot
917 617 1041 684 Achaia
1055 617 1193 702 formae,

365 705 410 770 llt
430 703 539 768 Thebe
561 706 594 768 et
614 702 735 768 Priami
756 701 861 766 diruta
881 723 983 787 regna
1003 701 1103 768 senis:

323 788 368 854 Et
382 807 596 873 quaecumque
611 786 728 852 eratin
741 807 874 852 numero
888 785 1035 852 Romana
1047 786 1168 870 puella,
1194 800 1230 850 55

276 886 309 936 ιο
365 871 505 937 Occidit:
526 870 585 936 has
607 891 717 936 omnes
738 871 824 956 ignis
846 891 958 936 avarus
980 870 1087 935 habet.

323 955 393 1022 Nec
407 957 510 1021 forma
524 958 688 1020 aeternum
704 957 759 1020 aut
774 955 953 1052 cuiquamst
967 953 1094 1019 fortuna
1106 975 1183 1038 per-

869 1060 976 1104 cnms:

367 1123 510 1210 Longius
526 1127 581 1189 aut
594 1124 725 1210 propius
740 1143 826 1188 mors
841 1144 898 1188 sua
933 1143 1067 1206 uemque
1080 1129 1205 1190 manet.
1308 1183 1309 1194 ,

324 1207 375 1274 Pu
389 1209 539 1293 quoniam
554 1229 597 1288 es,
613 1230 684 1273 mea
698 1207 762 1290 lux,
776 1229 810 1272 m
877 1144 988 1272 olims·

366 1291 500 1358 Munera
514 1291 637 1358 Dianae
659 1291 820 1358 debitara
843 1290 882 1356 de
903 1289 1033 1372 choros,
1192 1306 1228 1354 eo

278 1390 309 1439 15
324 1375 433 1442 Redde
444 1376 541 1441 etiam
552 1375 700 1442 excubias
713 1375 804 1440 divae
814 1395 909 1458 nunc,
925 1377 1000 1440 ante
1010 1374 1181 1458 iuvencae,
1309 1403 1310 1452 p

366 1459 500 1526 Votivas
521 1463 632 1525 noctes
653 1457 787 1524 etmihi
809 1458 896 1523 solve
918 1459 1035 1523 decem.

990 1228 1041 1271 ssa
1053 1207 1189 1292 periclo,

553 1673 691 1746 xxvn
717 1671 927 1766 [nurum.

324 1796 492 1876 Extrema,
511 1817 582 1861 mea
604 1797 673 1879 lux,
695 1817 768 1861 cum
787 1799 882 1880 potus
903 1798 998 1860 nocte
1018 1815 1169 1882 vagarer,

367 1879 437 1947 Nec
457 1901 508 1946 me
531 1900 694 1946 servorum
715 1880 844 1945 duceret
864 1879 930 1944 ulla
950 1901 1078 1962 manus,

326 1964 442 2048 Obvia,
463 1963 652 2048 nescioquot
671 1963 776 2048 pueri,
799 1962 880 2027 mihi
900 1963 994 2028 turba
1014 1963 1139 2028 minuta

367 2047 508 2112 Venerat
530 2046 603 2145 (hos
625 2047 727 2113 vetuit
747 2069 798 2113 mc
819 2068 985 2112 numerare
1006 2047 1115 2131 timor)
1126 2095 1137 2130 ,

298 2131 470 2207 tQuorum
491 2130 547 2195 aliu
567 2131 703 2215 faculas,
725 2131 781 2196 alii
801 2131 938 2196 retinere
960 2131 1109 2228 sagittas,

367 2214 445 2280 Pars
468 2215 565 2278 etiam
586 2215 686 2280 visast
706 2215 813 2280 vinela
833 2236 944 2300 parare
965 2215 1055 2280 mrhi.

326 2297 389 2364 Sed
409 2297 488 2364 nudi
508 2298 646 2364 fuerimt.
691 2320 825 2384 quorum
846 2299 994 2364 lascivior
1015 2321 1112 2383 unus,

368 2381 521 2467 ‘Arripite
543 2381 655 2467 bunc,’
678 2383 795 2467 inquit,
819 2388 907 2448 ‘nam
921 2383 1002 2448 bene
1016 2384 1118 2448 nostis
1134 2405 1227 2452 eum:

325 2465 388 2530 Hic
410 2470 493 2551 erat,
515 2465 604 2532 hunc
622 2467 736 2532 mulier
756 2467 850 2532 nobis
871 2469 954 2532 irata
975 2467 1115 2534 locavit?

278 2566 310 2616 10
365 2549 469 2634 Dixit,
492 2552 581 2616 etin
603 2552 686 2616 collo
707 2551 771 2616 iam
792 2551 871 2616 mihi
892 2551 995 2618 nodus
1017 2554 1094 2616 erat.

324 2633 387 2699 Hic
408 2635 490 2699 alter
510 2633 600 2700 iubet
619 2635 655 2700 in
676 2635 814 2701 medium
835 2635 1029 2720 propellere,
1051 2638 1084 2700 et
1105 2635 1205 2720 alter,

367 2724 377 2755 ‘
384 2717 540 2801 Intereat,
563 2719 699 2804 quinos
720 2739 788 2784 non
808 2723 901 2804 putat
922 2741 992 2784 esse
1013 2719 1106 2784 deos!

325 2801 415 2866 Haec
435 2805 468 2866 te
489 2823 556 2867 non
578 2803 726 2868 meritum
747 2806 832 2868 totas
855 2806 1003 2889 expectat
1023 2803 1058 2867 in
1078 2801 1192 2870 horas:

367 2886 412 2950 At
432 2889 469 2950 tu
488 2887 676 2971 nescioquas
698 2888 838 2971 quaeris,
860 2889 985 2972 inepte,
1006 2887 1096 2952 ioris.

278 2985 309 3033 15
325 2969 412 3047 Quae
435 2991 507 3035 cum
529 2971 679 3036 Sidoniae
700 2975 858 3036 nocturna
878 2971 1033 3058 ligamina
1053 2971 1167 3036 mitrae

368 3053 506 3120 Solverit
527 3057 622 3139 atque
643 3055 753 3120 oculos
774 3055 911 3120 moverit
931 3057 987 3120 illa
1007 3077 1138 3140 graves,

324 3139 498 3204 Adflabunt
518 3139 578 3203 tibi
599 3144 669 3203 non'
679 3137 823 3204 Arabum
845 3138 884 3204 de
905 3140 1050 3224 gramine
1072 3139 1204 3224 odores,

367 3222 430 3288 Sed
452 3243 530 3306 quos
551 3223 620 3306 ipse
642 3223 707 3288 suis
728 3223 806 3288 fecit
826 3222 929 3287 Amor
949 3223 1106 3287 manibus.

324 3305 448 3371 Parcite
469 3307 549 3390 iam,
570 3306 702 3390 fratres,
722 3307 786 3372 iam
807 3310 911 3372 certos
931 3306 1069 3394 spondet
1082 3328 1227 3393 amorcS,

275 3402 311 3452 πο
367 3389 495 3454 Etiam
517 3390 556 3453 ad
577 3391 761 3462 mandatam
782 3391 927 3456 venimus
950 3411 1022 3456 eece
1044 3389 1201 3458 domum’

324 3475 430 3558 Atque
451 3473 497 3538 ita
517 3473 562 3539 mi
583 3475 700 3540 iniecto
723 3475 872 3541 dixerunt
892 3496 1001 3540 rursus
1027 3474 1149 3540 amictu
