2636 4146
110 203 190 269 Vll]
494 201 601 256 Lmnn
623 203 685 258 llll.

154 364 200 428 Et
221 363 318 428 miser
337 363 474 428 invisam
495 363 593 426 traxit
613 361 719 426 hiatus
742 383 874 446 cquamr

110 454 206 513 Hunc
229 468 326 530 parvo
348 446 425 512 ferri
446 446 526 510 vidit
546 467 611 510 nox
632 445 769 530 inproba
791 445 891 532 ligno.

155 531 273 597 Paetus
295 533 331 596 ut
352 530 526 610 occideret,
547 532 598 594 tot
619 531 721 595 coiere
743 530 836 594 male.

111 615 209 681 Flens
224 619 334 680 tamen
349 614 497 679 extremis
508 613 597 678 dedit
609 613 689 679 haec
703 615 853 678 mandata
869 614 1019 698 querelis,
1042 627 1076 680 55

157 699 239 764 Oum
259 698 452 764 moribunda
472 699 565 784 niger
587 698 747 762 clauderet
768 720 825 762 ora
845 699 964 782 liquor:

10 813 11 816 ¹
110 783 176 848 'Di
196 783 293 847 maris
309 783 431 867 Aegaei
445 803 525 866 quos
540 785 615 846 sunt
635 803 734 867 penes
749 802 904 866 aequora,
919 781 1033 866 Venti,

157 867 202 932 Et
222 887 437 951 quaecumque
458 887 564 931 meum
587 865 739 950 degravat
759 866 845 932 unda
866 869 975 950 caput,

111 951 185 1028 Quo
207 951 319 1034 rapitis
341 950 474 1014 miseros
495 953 623 1014 tenerae
645 950 805 1034 lanuginis
828 949 954 1016 annos?

156 1035 332 1099 Attulimus
354 1035 467 1119 longas
488 1035 524 1098 in
545 1033 627 1098 freta
651 1037 756 1098 vestra
777 1055 899 1100 manus.
1042 1047 1077 1097 oo

10 1151 11 1216 j
111 1120 145 1184 A
166 1119 264 1184 miser
285 1118 454 1201 alcyonum
476 1117 615 1201 scopulis
637 1117 760 1202 adfigar
781 1118 898 1184 acutis:
982 1163 983 1166 κ

158 1201 198 1267 In
220 1223 271 1266 me
294 1202 437 1266 caeruleo
459 1201 582 1266 fuscina
604 1204 730 1284 sumpte
751 1200 851 1266 deest.

111 1287 160 1352 At
181 1286 295 1350 saltem
316 1285 428 1350 Italiae
448 1285 633 1382 regionibus
656 1283 793 1350 advehet
814 1287 934 1351 aestus:

158 1370 231 1434 Hoc
254 1369 292 1434 de
314 1391 365 1434 me
388 1371 438 1434 sat
459 1373 519 1434 ent
540 1369 568 1434 si
589 1369 684 1434 modo
706 1369 817 1434 matris
840 1369 923 1433 erit!

112 1453 281 1520 subtrahit
302 1453 380 1518 haec
400 1454 521 1518 fantem
541 1455 626 1518 torta
645 1453 800 1538 vertigine
819 1453 948 1538 fiuctus3
1043 1466 1077 1517 oo

158 1537 282 1603 Vltima
303 1559 383 1621 quae
404 1537 502 1602 Paeto
525 1553 648 1622 voxque
670 1537 799 1622 diesque
821 1537 890 1601 fuit.
909 1543 927 1628 ll
961 1520 993 1587 l„

10 1667 11 1704 ᾗ
116 1622 145 1688 Ο
168 1625 296 1686 centum
318 1642 492 1705 aequoreae
513 1620 618 1690 Nereo
640 1622 786 1706 genitore
807 1621 948 1704 puellae,

10 1743 12 1768 ,f
158 1706 203 1770 Et
224 1709 260 1769 tu
281 1709 425 1770 materno
447 1707 534 1768 tacta
555 1704 664 1772 dolore
686 1704 781 1768 Theti

10 1785 12 1872 s'
116 1789 198 1874 (Vos
222 1789 327 1854 decuit
348 1790 431 1854 lasso
454 1809 632 1872 supponere
653 1785 784 1852 brachia
804 1791 928 1853 mento:

10 1885 12 1890 ’
157 1873 234 1939 Non
255 1876 380 1958 poterat
400 1876 522 1937 vestras
543 1872 597 1936 ille
618 1893 750 1956 gravare
772 1870 914 1956 manus),
1044 1883 1078 1934 'lo

10 1995 11 2056 3
114 1957 251 2023 Reddite
272 1978 385 2041 corpus
405 1955 502 2021 humo
524 1955 676 2040 (positast
695 1955 730 2020 in
749 1955 877 2040 gurgite
897 1955 993 2040 vita);
1044 1967 1077 2017 co

10 2099 11 2116 2
158 2041 292 2106 Paetum
313 2044 428 2124 sponte
449 2043 519 2122 tua,
541 2039 613 2104 vilis
635 2061 744 2122 arene,
766 2043 872 2124 teges3

116 2123 160 2190 Et
180 2126 327 2208 quotiens
349 2124 439 2188 Paeti
460 2123 610 2189 transibit
630 2125 728 2188 nauta
749 2121 966 2208 sepulchrum,

158 2209 255 2274 Dicat
276 2213 328 2273 ‘et
349 2209 461 2273 audaci
481 2211 518 2274 tu
538 2208 635 2272 timor
657 2229 725 2272 esse
746 2211 860 2292 potes!
1044 2218 1078 2270 28

116 2294 234 2375 Atta,
257 2313 349 2357 saeve
364 2293 481 2376 Aquilo
487 2341 496 2374 ‚
518 2314 596 2356 num
619 2313 691 2355 uam
712 2313 783 2355 mea
796 2291 866 2356 vela
887 2290 1023 2356 videbis:

136 2372 245 2497 lqdnte
267 2377 352 2441 fores
373 2376 520 2440 dominae
542 2313 661 2440 conitar
682 2377 810 2459 oportet
831 2374 925 2440 iners.

523 2503 672 2514 ι-ι-ι--ιι-

489 2587 559 2662 vn
586 2584 712 2690 [vni

120 2714 232 2780 Dulcis
255 2713 294 2778 ad
315 2712 480 2778 hesternas
502 2713 607 2776 fuerat
630 2711 710 2775 mihi
730 2713 800 2775 rixa
821 2711 981 2793 lucernas,

49 2837 51 2841 .
161 2798 259 2862 Vocis
281 2799 314 2862 et
334 2797 464 2860 insanae
485 2797 536 2858 tot
556 2795 726 2859 maledieta
746 2798 829 2860 tuae.

119 2882 185 2949 Our
206 2881 377 2948 furibunda
397 2899 485 2944 mero
507 2899 651 2942 mensam
671 2879 825 2961 propellis
848 2881 880 2942 et
900 2879 934 2942 in
956 2897 1007 2940 me

162 2965 284 3030 Proicis
305 2967 419 3028 insana
440 2961 565 3047 cymbia
585 2961 681 3045 plena
702 2960 821 3024 manu?

120 3049 168 3115 'Pu
190 3069 265 3114 vero
287 3052 414 3113 nostros
436 3046 540 3112 audax
560 3045 673 3109 invade
696 3044 828 3128 capillos
1065 3058 1083 3109 o

161 3133 207 3198 nt
226 3153 297 3196 mea
318 3133 466 3196 formosis
487 3153 532 3196 un
580 3130 647 3194 'bus
671 3150 726 3192 ora
746 3131 837 3210 nota,

10 3285 12 3296 .
120 3217 172 3284 'Pu
193 3217 343 3283 minitare
365 3216 474 3282 oculos
496 3237 533 3279 su
556 3215 640 3279 iecta
662 3233 791 3277 exurere
812 3211 954 3296 flamma,

10 3339 11 3362 r
162 3301 227 3367 Fac
248 3321 320 3366 meo
341 3300 476 3365 rescisso
497 3300 628 3384 pectora
647 3296 734 3382 nuda
755 3295 837 3361 sinu.

10 3397 11 3420 ³
119 3386 281 3456 Nimirum
302 3385 369 3450 veri
391 3384 506 3448 dantur
527 3380 607 3447 mihi
628 3381 722 3466 signa
743 3380 872 3446 caloris:
897 3419 902 3428 ·

161 3469 250 3537 Nam
270 3469 340 3534 sine
362 3489 469 3534 amore
490 3466 580 3554 gravi
602 3463 722 3530 femina
743 3465 831 3562 nulla
853 3465 948 3529 dolet.
1051 3477 1084 3528 ro
