2666 4138
748 146 765 176 ι

475 229 687 286 PRAEFATIO.
1000 243 1078 298 xvll

100 419 165 479 quo
188 399 286 459 rarius
301 399 353 475 qui
372 396 460 458 hodie
475 417 507 458 se
521 399 623 458 fenmt
637 399 771 459 Dauniae
787 396 933 459 Camenae
948 400 1076 462 arbitros

102 486 213 546 eodem
233 485 359 560 possunt
380 482 489 542 ornari.
520 482 634 542 Tamen
653 483 856 558 quodmirere
871 486 1015 560 cumipse
1030 485 1075 544 fu·
1197 527 1198 530 ,

102 571 165 629 crit
180 568 347 628 carminum
361 567 538 627 Latinorum
553 569 656 628 auctor
669 567 749 627 haud
762 567 926 644 inelegans,
946 569 1077 644 plurima

102 655 170 713 eius
192 653 329 712 doctrina
348 669 412 710 non
431 651 531 727 potuIt
550 651 716 727 prohibere,
738 653 811 726 quin
825 652 983 727 aliquando
998 669 1083 714 crus·v

103 738 186 798 siore
207 755 281 796 usus
300 735 437 796 Minerva
457 735 619 810 explicaret
638 733 788 812 Propertii
808 753 922 800 versus.
966 735 1075 796 Emeu-

102 821 211 888 dandis
225 820 322 880 isdem
337 819 394 880 etsi
405 837 466 879 nou
478 817 684 894 spernendam,
696 837 758 880 non
771 821 873 881 tamon
885 821 1073 896 praecipuam

100 905 227 966 navavit
241 923 373 980 operam.
403 903 467 964 Nec
481 904 611 963 multum
631 903 759 978 profecit
775 903 933 966 Saatenius
948 907 999 980 qui
1014 923 1074 963 me-

101 991 151 1066 gis
173 1007 209 1048 ec
228 1007 260 1047 re
281 987 423 1048 notabilis
443 987 525 1064 quod
552 987 685 1048 studium
709 987 880 1048 litterarum
899 987 1075 1050 Latinarum

100 1077 175 1133 tunc
197 1071 341 1148 temporis
363 1071 474 1131 sensim
494 1071 705 1134 intermoriens
726 1071 805 1146 apud
824 1071 954 1132 Batavos
978 1072 1075 1149 quoad

101 1157 181 1218 vixit
194 1174 249 1232 pro
263 1157 347 1216 virili
366 1159 451 1231 parte
473 1156 656 1216 sustentavit
668 1174 758 1232 quem
772 1155 854 1231 quod
866 1156 930 1232 ipse
945 1157 1075 1216 multum

99 1241 305 1317 praestitisset
331 1239 528 1316 scriptoribus
553 1239 694 1300 classicis.
739 1237 879 1300 Ceterum
903 1239 1009 1301 horum
1038 1239 1074 1301 de

100 1325 212 1402 quibus
233 1323 281 1384 hio
301 1323 403 1400 egitur
424 1341 510 1384 curas
532 1325 567 1383 ut
580 1324 728 1400 corrigere
743 1324 839 1397 facile,
854 1325 899 1383 ite
912 1342 1075 1400 numquam

101 1411 146 1468 eis
171 1409 270 1484 possis
295 1427 394 1484 egere.
438 1408 509 1468 Mox
534 1407 741 1469 Lachmeunus
768 1427 793 1468 e.
816 1409 897 1470 1816
923 1408 1075 1484 superavit

101 1511 207 1552 omnes
223 1493 412 1554 Burmannos
431 1493 544 1552 virtute
565 1493 597 1552 et
615 1491 771 1552 industris.
801 1491 886 1552 Idem
899 1492 974 1552 XIII
989 1491 1074 1555 annis
1114 1500 1121 1506 ”

100 1576 269 1636 interiectis
291 1576 388 1637 denuo
408 1575 560 1652 Propertii
581 1577 712 1636 carmina
736 1577 891 1652 recognita
916 1576 1017 1636 emisit
1042 1576 1075 1638 in

99 1661 268 1737 publicum,
284 1679 343 1736 qua
358 1660 488 1720 editione
504 1659 576 1736 quid
591 1661 708 1720 consilii
722 1663 840 1720 secutus
861 1662 949 1734 esset,
970 1660 1021 1721 vix
1040 1677 1074 1720 cc

100 1764 141 1804 ne
162 1745 213 1806 vix
234 1743 355 1820 quidem
376 1763 408 1803 se
433 1743 609 1820 intellegere
631 1745 720 1802 multi
741 1745 813 1804 sunt
833 1743 969 1820 professi.
1014 1743 1074 1803 Sed

101 1847 177 1904 quas
191 1827 224 1888 in
237 1825 424 1904 praefatione
433 1825 544 1888 camni
556 1829 746 1904 exposuimus
757 1828 821 1887 eius
835 1827 928 1886 fulsse
943 1827 1074 1888 rationes

99 1913 162 1970 iam
188 1912 240 1972 elii
264 1914 345 1971 recte
371 1913 595 1987 perspexerant.
637 1911 776 1970 Proxime
804 1909 1002 1969 nominandus
1028 1912 1075 1972 cst

100 1996 332 2072 Hertcbergius,·
351 1996 403 2072 qui
417 1995 503 2055 annis
521 1995 698 2054 1843-45
714 1993 865 2070 Propertii
880 2011 971 2070 opere
985 2009 1074 2069 eppe-

100 2082 171 2140 ratu
186 2080 289 2140 critico
304 2082 335 2138 et
350 2079 572 2139 commentariis
584 2079 730 2139 instructa
743 2095 798 2138 nec
812 2079 911 2138 minus
927 2077 1074 2154 quaestio-

99 2183 176 2224 num
190 2165 288 2224 tribus
301 2164 407 2224 liberis
421 2163 538 2222 munite
552 2162 638 2222 Helie
654 2162 802 2224 Saxonum
818 2161 919 2222 edidit.
949 2162 994 2222 Do
1009 2163 1074 2224 eius

102 2249 184 2308 curis
199 2247 425 2308 acerbissimum
446 2248 560 2324 pariter
575 2250 662 2323 atque
676 2247 897 2322 iniquissimum
911 2247 984 2306 tulit
998 2245 1075 2305 iudi·

101 2333 182 2392 cium
199 2331 266 2392 Car.
278 2331 520 2392 Muellenhoffius
535 2332 568 2390 in
582 2332 742 2392 menstruis
757 2331 1074 2390 Kiliensibusa.1854

102 2416 208 2489 editis,
229 2435 281 2492 pg.
300 2417 374 2490 186,
394 2417 464 2476 187.
493 2415 571 2490 Nos,
593 2416 645 2491 qui
666 2417 701 2473 ut
719 2415 782 2474 irae
802 2416 846 2472 ita
866 2413 957 2474 studii
972 2431 1074 2474 causes

102 2501 210 2576 procul
228 2499 389 2574 habemus,
411 2501 487 2560 bene
506 2499 594 2558 illum
613 2498 649 2558 de
669 2497 826 2574 Propertio
847 2499 989 2558 meritum
1009 2516 1074 2558 esse

103 2585 325 2658 existimamus,
348 2602 415 2642 cum
435 2583 659 2660 quaestionibus
681 2583 718 2642 de
737 2583 800 2642 vita
820 2584 851 2641 et
871 2583 988 2658 seriptis
1009 2581 1074 2644 eius

101 2668 262 2742 institutis,
283 2667 316 2727 in
336 2668 444 2744 quibus
456 2667 544 2726 ·haud
563 2686 672 2743 paucos
686 2666 870 2726 Lachmanni
889 2667 1073 2740 aliorumque

102 2769 220 2812 errores
248 2751 387 2812 refellere
416 2753 444 2810 ei
474 2752 615 2827 contigit,
644 2754 710 2812 tum
731 2751 797 2827 ipsa
816 2750 1073 2826 interpretatione.

101 2837 203 2896 Minus
224 2839 328 2896 tamen
350 2836 422 2895 felix
435 2834 518 2894 idem
532 2835 606 2894 mihi
621 2835 742 2910 quidem
755 2835 875 2894 videtur
889 2835 982 2894 fuisse
998 2835 1076 2893 circa
1115 2909 1117 2912 Ι

103 2921 299 2980 coniecturas.
328 2920 433 2996 Neque
452 2937 532 2996 nego
553 2937 621 2977 eum
642 2919 738 2978 multo
759 2920 827 2994 plus
841 2919 975 2994 potuisse
989 2937 1073 2992 prae·

102 3008 198 3078 stare,
220 3005 246 3064 si
267 3007 299 3064 et
318 3004 413 3080 ipsius
428 3003 581 3080 Propertii
595 3003 686 3062 verba
706 3001 871 3060 accuratius
886 3020 975 3076 quem
990 3019 1074 3060 eucr-

101 3091 237 3148 ratorum
248 3088 312 3147 eius
323 3089 511 3164 respexIsset,
521 3089 552 3146 et
562 3087 698 3164 exempla
708 3085 838 3161 undique
849 3086 990 3160 congesta
1000 3101 1074 3160 pon·

100 3172 236 3232 derasset
254 3173 352 3248 magis
374 3191 464 3247 quam
484 3173 684 3243 numerasset,
706 3187 761 3228 neo
782 3167 905 3228 Iocobos
925 3167 1025 3244 potius
1041 3186 1075 3228 ao

99 3256 262 3316 Paldamos
278 3275 370 3332 quam,
381 3255 522 3316 Heinsius
538 3258 569 3314 et
580 3253 758 3314 Schraderos
772 3252 804 3310 in
819 3249 976 3310 iudicanda
992 3251 1075 3312 Sexti

98 3340 203 3401 indole
222 3341 311 3401 duces
326 3340 545 3416 assumpsisset.
575 3339 631 3398 Est
650 3336 769 3396 hercule
785 3335 894 3412 dignus
913 3336 962 3396 hic
975 3339 1073 3413 poeta,

97 3445 190 3502 quem
204 3443 268 3486 non
282 3424 371 3483 modo
386 3443 441 3499 per
453 3421 593 3500 εχήματα
604 3417 720 3483 λέξεως
729 3421 761 3480 et
773 3415 917 3483 travolat
928 3422 1074 3497 interpre-

96 3511 171 3571 teris
183 3529 239 3571 uec
254 3508 431 3570 eruditionis
444 3508 648 3584 imdeoumque
664 3503 775 3582 petitae
794 3503 874 3564 mole
889 3509 921 3566 et
935 3503 1074 3568 dirersis-

149 3623 296 3664 Pnorrrrrss
670 3657 675 3668 ,
899 3593 917 3651 l)
