2630 4110
255 177 308 226 x11
636 153 849 215 Phanufflo'.

254 352 326 412 pgg.
342 329 518 404 car-304,
534 329 638 405 magis,
654 329 690 386 ut
702 330 786 403 puto,
801 345 860 402 qno
876 327 1094 386 demonstraret
1108 328 1219 387 talibus

255 417 396 476 adhibitis
410 414 557 488 ludibriis,
579 413 688 488 quibus
702 429 781 470 nunc
796 411 982 470 delectentur
996 412 1059 470 fere
1073 412 1219 488 philologi

254 501 365 574 nostri,
386 516 481 575 neque
507 497 646 556 utilitatis
667 496 825 572 quicquam
850 514 905 555 nec
925 495 1118 555 iucunditatis
1138 515 1219 555 acce·
1305 517 1306 552 i

257 585 327 644 dere
340 583 451 660 poetis,
475 600 564 658 quam
584 580 663 658 quod
682 581 745 656 ipse
761 585 894 656 speraret
907 581 1010 640 multis
1026 599 1057 640 se
1072 598 1137 640 esse
1151 599 1219 656 pro·

255 669 395 728 baturum
409 667 572 726 carminum
585 667 675 725 istam
689 665 875 724 divisionem.
917 662 1124 737 Coniecturae,
1146 683 1220 740 quas

255 753 411 830 proposuit
423 751 472 812 vir
486 750 672 810 doctissimus
683 749 763 806 haud
774 766 892 824 paucas,
904 765 939 808 eo
954 749 1129 824 plerumque
1144 749 1219 808 vitio

254 837 390 897 laborare
410 853 531 909 censeo,
556 853 614 910 quo
634 833 723 892 multi
742 831 956 892 Britannorum
981 832 1128 908 philologi
1151 851 1219 892 oon-

254 921 415 994 flictantur,
430 919 459 978 h.
472 938 498 978 e.
514 937 614 978 amore
626 937 688 977 non
699 917 918 992 simplicissima
927 935 1062 992 quaeque
1077 917 1218 991 sectandi,

256 1006 310 1066 sed
330 1005 566 1066 abstrusissima:
591 1003 638 1062 bis
652 1005 736 1064 terve
750 1019 798 1058 me
814 1001 856 1060 eis
871 1001 917 1059 uti
938 1001 1071 1074 memini,
1086 1019 1142 1060 nec
1156 1021 1218 1061 aae-

255 1091 322 1167 pius
337 1089 512 1149 commentis
526 1086 640 1165 Heysii.

311 1173 375 1232 Iam
384 1192 421 1232 ne
435 1173 562 1232 nimium
572 1171 718 1230 increscat
728 1171 799 1229 libri
811 1170 899 1230 huius
911 1171 1015 1244 moles,
1027 1170 1059 1229 in
1072 1171 1220 1229 afferenda

254 1258 390 1318 lectionis
406 1257 553 1318 varietate
565 1272 600 1312 ea
613 1254 802 1329 potissimum
813 1272 1036 1330 persequemur,
1045 1273 1120 1330 quae
1131 1256 1221 1314 aliter

255 1361 289 1402 ac
302 1342 509 1401 Lachmannue
528 1339 560 1397 in
580 1337 710 1397 editione
730 1357 756 1396 a.
781 1338 861 1396 1829
883 1337 991 1397 emissa
1009 1338 1088 1411 fecit,
1111 1340 1219 1399 consti-

255 1427 366 1486 tuenda
385 1443 450 1484 esse
477 1421 658 1494 censuimus,
680 1421 796 1480 omissis
821 1420 884 1478 fere
904 1439 980 1496 quae
1005 1421 1050 1492 ad!
1066 1423 1220 1500 orthogra-

254 1511 355 1586 phiam
375 1507 527 1585 pertinent
540 1505 590 1566 vel
609 1505 694 1581 siqua
713 1505 808 1564 invito
823 1504 875 1564 illo
891 1523 926 1563 ex
941 1505 1025 1566 libris
1040 1507 1159 1582 scriptia
1174 1527 1219 1565 re-

256 1594 393 1654 duximus
413 1591 537 1666 aliisque
556 1590 645 1648 rebus
665 1589 809 1648 leviculis.
839 1588 926 1648 Notis
941 1592 1041 1648 autem
1056 1591 1103 1649 usi
1117 1609 1220 1651 sumus

255 1678 351 1740 isdem
371 1675 478 1751 quibus
500 1673 670 1733 Schwabius
692 1676 727 1731 ut
746 1671 775 1729 V
788 1673 876 1732 litera
890 1672 1107 1750 significaretur
1122 1694 1219 1734 exem-

255 1763 322 1839 plar
337 1759 448 1820 Catulli
462 1757 643 1832 Veronense,
666 1756 875 1831 Germanense,
891 1757 1134 1832 Laurentianum,
1152 1757 1219 1818 Col·

255 1845 422 1918 bertinum,
443 1843 593 1902 Datanum
611 1861 666 1919 per
686 1841 721 1915 G,
743 1842 778 1915 L,
796 1840 828 1916 0,
844 1841 881 1901 D.
913 1841 972 1902 Sed
986 1844 1145 1918 antequem
1161 1843 1219 1902 sin-

256 1929 328 2006 gula
341 1927 509 2000 videamus,
525 1927 625 2002 paucis
640 1928 698 1986 erit
712 1926 885 2000 dicendum,
901 1926 1020 2002 qualem
1033 1927 1220 2002 probandam
1303 1971 1305 1988 i

255 2011 524 2072 existimaverimus
539 2012 716 2087 scripturam
730 2011 899 2070 verborum.

319 2094 424 2170 Itaque
445 2097 561 2154 constat
580 2095 661 2154 inter
680 2113 782 2154 omnes
801 2095 833 2152 in
848 2094 1007 2170 archetypo
1021 2094 1074 2154 illo
1090 2096 1220 2170 plurima

256 2179 348 2240 luisse
363 2180 480 2240 servate
493 2179 620 2255 vestigia
633 2180 747 2255 priscae
761 2179 920 2238 verborum
935 2179 1109 2254 scripturae,
1124 2199 1219 2254 paene

256 2267 291 2323 ut
303 2261 399 2339 possis
415 2264 556 2339 suspicari
568 2263 728 2323 Frontonis
743 2265 887 2337 tempore,
896 2280 955 2337 quo
970 2265 1104 2322 veterem
1119 2263 1218 2323 ortho-

256 2347 412 2424 graphiam
427 2347 584 2407 ambitioso
599 2347 697 2406 studio
712 2345 899 2422 repetierunt
911 2346 1061 2420 homines,
1084 2348 1219 2407 extitisse

256 2433 491 2508 grammaticum,
500 2433 552 2507 qui
566 2431 686 2506 librum,
699 2451 716 2489 a
730 2449 788 2506 quo
804 2430 950 2506 originem
964 2431 1056 2489 traxit
1067 2434 1220 2507 exemplar

255 2513 436 2590 Veronense,
448 2517 559 2592 passim
570 2516 744 2592 corrigendo
760 2515 797 2572 ad
808 2515 936 2590 priscam
947 2533 1023 2590 quae
1039 2513 1150 2574 Catulli
1161 2516 1220 2576 fuit

256 2601 391 2678 tempore
406 2600 554 2660 scribendi
568 2619 705 2659 normam
718 2601 881 2659 revocaret.

318 2684 418 2760 Igitur
431 2703 518 2761 saepe
533 2685 710 2758 invenimus,
726 2685 789 2743 sive
803 2683 921 2759 integra
939 2684 1085 2758 scripture
1100 2702 1219 2761 expres-

257 2788 321 2829 sam
336 2769 398 2830 sive
410 2769 586 2844 corruptelis
597 2767 757 2826 indicatam
768 2767 985 2843 diphthongum
996 2770 1085 2843 cipro
1096 2769 1219 2846 elonga,

257 2852 363 2912 deinde
383 2871 422 2914 co
436 2871 490 2929 pro
511 2871 568 2922 aa,
589 2870 679 2928 porro
701 2854 768 2925 quoi
787 2870 841 2926 pro
862 2854 924 2920 cui,
944 2854 979 2909 ut
999 2852 1056 2910 alia
1071 2852 1218 2912 omittam.

257 2937 443 3014 Quamquam
460 2935 541 3013 quod
560 2935 672 3012 legitur
691 2935 855 2994 identidem
878 2936 911 2994 in
931 2935 1014 2994 codd.
1038 2933 1148 2994 Catulli
1169 2940 1221 3010 qui

256 3039 310 3097 pro
323 3023 379 3090 oui,
387 3021 451 3080 falli
463 3021 581 3096 eos,qui
590 3019 725 3095 putarint
736 3019 859 3078 indicari
870 3019 924 3078 hac
935 3020 1082 3098 scriptura
1093 3019 1221 3080 formem

256 3107 452 3165 vetustiorem
474 3104 678 3164 adsentiantur
691 3103 772 3176 mihi,
795 3103 971 3178 quicumque
990 3104 1101 3162 multos
1121 3123 1220 3164 versa-

257 3189 320 3248 rint
338 3189 431 3250 libros
452 3189 586 3265 scriptos.
615 3187 698 3247 Haec
718 3187 809 3247 simili
828 3187 916 3247 modo
937 3205 995 3262 quo
1010 3187 1043 3245 in
1058 3188 1221 3264 archetypo

257 3273 391 3334 extitisse
412 3276 477 3334 erat
496 3292 670 3350 persuasum
690 3274 722 3330 et
740 3272 798 3348 ipsi
819 3271 1115 3346 repraesentavimus,
1131 3275 1221 3348 plane
1303 3281 1304 3290 ³

257 3359 335 3417 sicut
350 3357 521 3418 Schwabius
537 3361 567 3417 et
581 3358 640 3431 alii,
657 3356 736 3432 quod
751 3359 861 3430 contra,
878 3357 913 3415 ut
927 3355 1030 3414 eadem
1044 3357 1158 3416 ratione
1175 3359 1223 3417 usi
1303 3409 1304 3418 ,

258 3442 385 3518 priscam
405 3443 515 3520 ubique
536 3443 744 3502 reduceremus
765 3442 956 3517 scripturam,
977 3439 1037 3499 nisi
1056 3440 1108 3499 ubi
1127 3443 1224 3501 nimia
