2636 4146
254 205 296 270 66
642 208 837 266 encennmi
1179 209 1233 280 [n.

361 371 522 436 Exercent
541 373 668 435 teneras
690 371 725 434 in
747 392 804 434 sua
826 370 910 435 dona
931 389 1055 432 manue.

269 469 303 518 ³5
317 455 405 520 Haec
419 455 551 520 hederas
567 455 647 540 legit
660 455 696 520 in
709 453 847 537 thyrsos,
863 453 943 518 haec
958 453 1098 518 earmina
1111 455 1230 520 nervis

361 540 478 627 Aptae,
501 542 535 603 at
555 539 611 602 illa
631 559 729 602 manu
750 538 985 635 texitvutraqne
1006 557 1121 602 rosam.

318 624 347 689 ll
391 645 502 688 uanum
523 643 656 686 numero
678 643 729 686 me
752 621 889 706 contigit
909 643 974 685 una
995 620 1142 687 dearum:

360 645 407 772 llt
427 728 499 771 reor
521 706 658 787 electe,
682 705 845 789 Calliopea
866 705 944 769 fuit:

320 791 516 858 ‘Contentus
537 790 639 854 niveis
662 811 787 872 semper
807 789 974 854 vectabere
996 790 1126 875 cygnis,

269 889 304 938 40
359 874 482 942 Necte
504 874 597 938 fortis
620 874 692 958 equi
714 873 809 938 ducet
829 873 869 937 ad
891 895 979 937 arma
992 895 1111 960 Q

320 959 377 1025 Nil
397 957 457 1022 tibi
479 959 522 1022 sit
542 979 637 1022 rauco
659 957 830 1041 praeconia
851 958 982 1021 classica
1004 979 1103 1022 cornu

360 1042 453 1108 Flere
474 1063 534 1106 nec
555 1042 696 1106 Aonium
716 1043 766 1106 tin
812 1062 863 1106 ere
885 1041 989 1106 Marte
1009 1063 1123 1106 nemus
1130 1091 1140 1126 ‚

319 1128 389 1192 Aut
410 1127 523 1211 quibua
545 1126 580 1189 in
602 1126 722 1210 campis
781 1124 894 1208 ariano·
912 1125 1033 1210 proelia
1054 1127 1148 1211 signo

362 1211 456 1276 Stent
476 1211 509 1275 et
529 1209 720 1274 Teutonicas
741 1208 846 1274 Roma
862 1209 1019 1294 refringat
1039 1231 1058 1274 o
1083 1233 1133 1292 es,

273 1307 306 1357 45
320 1293 480 1359 Barbarus
503 1296 559 1358 aut
580 1293 682 1358 Suevo
704 1293 851 1377 perfusus
874 1293 1027 1378 sangnine
1080 1293 1187 1359 benus

362 1375 477 1442 Saucia
497 1377 652 1441 maerenti
674 1398 808 1462 corpora
828 1379 933 1442 vectet
953 1398 1043 1460 aque.

319 1461 381 1538 Qui
403 1483 443 1545 pe
465 1465 634 1525 coronatos
657 1461 796 1526 alienum
817 1461 857 1526 ad
878 1462 977 1526 limen
998 1465 1142 1526 amantes

395 1547 607 1628 oeturnaeqne
629 1566 724 1609 canes
747 1546 833 1610 ebria
855 1545 949 1630 signa
969 1545 1004 1609 iu
1027 1567 1078 1629 ae,

318 1629 364 1694 Vt
384 1650 442 1713 per
462 1631 495 1692 te
518 1629 641 1693 clausas
664 1629 745 1694 sciat
766 1633 933 1694 excantare
953 1650 1015 1713 pue
1041 1651 1093 1714 ae,

270 1727 303 1776 50
360 1711 422 1788 Qui
443 1712 530 1777 volet
550 1715 692 1778 austeros
714 1715 781 1778 arte
802 1714 896 1778 ferire
918 1714 1024 1778 viroa’

320 1797 412 1862 Talia
434 1795 593 1882 Calliope,
616 1797 817 1882 lymphisque
838 1819 858 1862 a
878 1797 968 1862 fonte
989 1799 1099 1880 petitis

365 1879 430 1948 Ora
451 1879 614 1947 Philetaea
635 1884 745 1946 nostra
765 1881 882 1966 rigavit
903 1903 993 1964 equa.

661 2013 803 2024 -—-——

645 2095 698 2168 in
723 2095 829 2188 [nni

319 2217 420 2280 Arma
442 2215 518 2279 deus
542 2214 659 2280 caesai
681 2217 762 2282 dites
787 2218 960 2283 meditatim
980 2217 1020 2282 ad
1040 2217 1159 2304 inice,

361 2297 406 2363 Et
426 2299 510 2364 freta
531 2300 711 2385 gemmiferi
731 2302 851 2368 findere
873 2302 973 2367 classe
993 2304 1100 2368 maiis,

319 2382 354 2448 M
395 2469 401 2481 ι
421 2405 452 2481 “a
463 2383 533 2466 viri,
545 2405 684 2469 merces3
699 2387 917 2484 paratultima
926 2389 1011 2450 terra
1023 2387 1227 2472 tiiumphosz

292 2467 978 2638 ⁵stetssitttllttnltbpltltt
998 2470 1114 2638 liegii}

361 2601 562 2732 Aclsnescent
581 2635 674 2702 Latio
696 2637 815 2702 Partha
836 2642 886 2703 tro
910 2659 966 2702 aea
986 2637 1065 2702 Iovi.

320 2718 369 2782 Ite
391 2721 477 2803 agite
481 2767 493 2815 ,²
516 2723 664 2804 expertae
685 2721 771 2786 bello
793 2661 909 2787 (latei

362 2801 407 2865 llt
427 2803 557 2866 sol1tum
579 2805 729 2890 armigeri
751 2807 856 2873 ducite
877 2827 993 2870 munus
1015 2808 1098 2892 equi.

321 2885 437 2951 Omina
457 2886 563 2951 fauete
584 2910 673 2954 cano.
703 2888 835 2955 Crassos
859 2889 1042 2974 clademque
1063 2891 1171 2974 piatea
1197 2887 1202 2898 '

271 2984 304 3032 10
357 2969 406 3036 Ite
429 2973 462 3036 et
481 2970 645 3038 Romanae
667 2973 822 3039 consulite
842 2973 1006 3039 hietoiiae,

320 3055 406 3119 Mars
427 3058 519 3139 pater
540 3058 573 3121 et
593 3077 700 3122 sacrae
721 3058 832 3122 fatalia
853 3058 975 3124 lumina
995 3056 1131 3143 Vestae,

361 3141 448 3203 Ante
469 3160 558 3204 meos
581 3140 688 3206 obitus
710 3141 767 3225 eit,
789 3164 916 3226 precor,
938 3143 995 3206 illa
1016 3141 1098 3228 dies,

320 3221 390 3298 Qua
410 3223 534 3287 videam
556 3245 571 3288 s
596 3225 667 3288 eliis
689 3229 838 3291 onerates
860 3226 1002 3293 Caesaris
1024 3247 1116 3310 axes,

361 3305 414 3368 Ad
435 3306 523 3402 efulgi
543 3247 675 3391 pitacus
697 3331 790 3394 saepe
811 3310 957 3374 resistere
980 3330 1091 3394 equos,

258 3403 289 3452 15
303 3389 405 3536 Inqlue
428 3410 499 3454 smn
541 3411 632 3456 carae
653 3393 745 3458 nixus
768 3397 910 3491 spectem
930 3393 1056 3477 puellae

378 3471 515 3555 ncipiam
537 3479 570 3539 et
589 3477 691 3540 titulis
714 3477 831 3561 oppida
852 3480 945 3562 cepta
965 3477 1086 3563 legam,

900 2723 988 2786 intea
1007 2743 1123 2806 prorae

729 3812 790 3986 ‘i
