2666 4138
474 229 677 286 PRAEFATIO

1034 243 1072 291 lx

105 397 177 458 inde
193 396 278 456 aliae.
307 395 345 456 In
358 395 405 456 his
421 396 518 472 siquid
532 397 607 456 latet
621 416 743 458 arcanae
758 396 929 474 sapientiae,
943 397 1074 475 reperire

103 482 181 542 mihi
197 483 276 540 certe
292 499 353 540 non
368 480 504 556 contigIt.

171 565 267 625 Porro
282 563 490 624 Lachmannus
506 567 538 624 et
553 568 670 625 secutus
686 585 754 624 eum
768 567 982 644 Hertzberglus
996 568 1073 626 affir-

104 652 194 711 mant
218 647 349 709 codicem
372 666 436 708 esse
451 650 535 707 extra
549 648 669 708 Italiam
682 651 834 726 scriptum,
851 653 889 712 ob
904 671 970 710 eam
984 655 1018 710 ut
1031 653 1074 712 vi-

105 733 196 793 detur
219 751 339 792 causam
366 727 434 809 (nee
459 733 540 790 enim
565 735 749 809 argumentis
777 753 842 794 rem
871 734 1073 812 asseruerunt)

105 817 189 893 quod
207 817 379 876 litterarum
399 815 505 874 ductus
526 820 626 876 essent
646 817 840 893 simpliciores
860 821 892 878 et
905 820 1006 896 paullo
1020 821 1073 878 mi·

106 919 167 960 uus
181 899 304 960 rotundi
319 918 406 974 quam
423 900 475 976 qui
489 899 574 960 Italis
589 901 698 960 saeculi
709 901 784 960 XIII
797 902 986 978 placuissent.
1001 903 1075 962 Mihi

108 986 148 1043 de
167 983 221 1043 hao
240 1003 273 1043 re
293 983 393 1043 mInus
414 985 495 1042 certo
517 986 641 1044 constat.
687 983 827 1044 Ceterum
846 986 1027 1046 contrmium
1048 989 1074 1047 ei

106 1068 189 1144 quod
207 1067 254 1126 illi
274 1069 444 1158 statqerunt
463 1067 582 1127 videtur
601 1068 686 1126 innui
706 1068 810 1129 formis
830 1087 905 1145 quae
918 1071 1029 1146 ubique
1043 1071 1075 1130 in

107 1151 140 1213 N
153 1154 312 1210 recurrunt
323 1151 409 1211 mich
420 1151 517 1210 olebit.

174 1235 258 1294 Idem
273 1238 308 1294 ut
318 1235 379 1293 iam
389 1234 519 1295 iudicavi
534 1253 608 1294 saec.
621 1235 696 1294 XIII
706 1237 845 1295 tribuunt
857 1237 996 1310 codicem,
1007 1238 1076 1298 huie

106 1320 160 1380 uel
173 1319 362 1394 praecedenti
376 1318 491 1378 Keilius
507 1319 622 1379 observ.
639 1320 705 1378 crit:
719 1339 769 1397 pg.
787 1322 815 1379 3.
842 1321 916 1379 Mihi
930 1324 965 1380 ut
980 1321 1075 1380 dleam

106 1402 191 1478 quod
210 1404 306 1462 sentio
327 1401 408 1462 omni
428 1405 563 1478 tempore
583 1421 644 1464 non
665 1405 763 1464 minus
782 1404 881 1464 visum
901 1407 947 1464 est
966 1407 1075 1464 mirum

109 1490 213 1546 extare
236 1486 367 1546 codicem
381 1486 532 1562 Propertii
546 1489 615 1546 ante
629 1490 811 1547 restauratas
825 1488 858 1546 in
872 1485 960 1547 Italia
973 1489 1075 1549 literas

110 1571 256 1646 seriptum
270 1589 360 1646 quam
373 1569 477 1630 haberi
487 1571 656 1631 Breslaviae
669 1572 758 1632 Statii
773 1573 863 1632 silvas
878 1573 995 1633 saeculo
1001 1573 1076 1632 XIII

108 1657 253 1728 amatas,
268 1655 319 1730 qui
334 1654 439 1714 scirem
454 1673 503 1714 eas
518 1674 535 1712 a
548 1655 664 1730 Poggio
679 1656 809 1730 primum
823 1656 968 1716 inventas.
999 1657 1076 1727 Quid

109 1739 201 1813 enim,
217 1740 332 1811 amabo,
353 1755 428 1798 saee.
444 1738 503 1796 XII
517 1739 566 1798 vel
579 1739 663 1811 XIII,
684 1739 757 1814 quid
772 1739 953 1800 scholastieIs
968 1742 999 1798 et
1012 1760 1075 1816 my-

110 1823 194 1883 sticis
209 1840 276 1881 eum
290 1821 473 1898 Propertio?
493 1821 556 1880 Nec
570 1840 641 1882 vero
656 1822 728 1881 haec
742 1823 868 1898 suspifio
883 1839 917 1880 ea
931 1841 965 1882 re
979 1823 1075 1883 eleva-

111 1911 178 1979 tur,
204 1906 284 1983 quod
304 1905 405 1966 Ovidii
431 1907 562 1982 elegiaca
586 1906 718 1964 carmina
744 1905 983 1980 frequentissime
1010 1909 1076 1966 tum

109 1990 256 2066 temporis
272 1993 341 2050 sunt
356 1990 512 2065 descripta
541 1989 645 2065 Neque
661 1991 826 2066 quisquam,
848 1992 883 2048 ut
901 1991 1075 2064 memoravi,

111 2077 181 2134 ante
201 2075 409 2134 annum1374
430 2076 541 2132 certam
555 2073 705 2149 Propertii
724 2074 898 2134 memoriam
918 2076 987 2150 post
1001 2069 1074 2133 saecss

110 2159 158 2217 VI
178 2162 277 2217 extare
298 2157 511 2233 comprobavit.
540 2157 638 2217 Aucta
657 2158 726 2217 inde
747 2157 902 2232 dubItatio,
924 2159 1075 2234 cumipse

110 2245 144 2302 in
164 2260 269 2301 manus
288 2260 370 2300 meas
390 2241 522 2301 venisset
539 2242 617 2302 liber
637 2241 676 2300 N.
705 2241 782 2300 Nam
797 2243 944 2317 scriptura
958 2261 1028 2301 sane
1042 2245 1078 2300 ut

110 2345 151 2386 ne
177 2345 194 2384 a
218 2325 392 2385 duodecima
414 2325 534 2400 quidem
565 2328 653 2400 atque
678 2325 751 2384 adeo
777 2325 932 2384 undecimo
960 2327 1076 2385 saeculo
1197 2361 1198 2367 κ

111 2428 234 2486 prorsus
250 2409 355 2483 aliena,
375 2410 418 2468 ite
432 2427 487 2469 uec
502 2428 519 2466 a
532 2409 738 2468 tertiodecimo
753 2409 938 2482 abhorrebat,
958 2410 1076 2484 paucio·

111 2495 196 2554 ribus
223 2497 324 2552 tamen
349 2493 508 2568 aliquando
534 2493 662 2569 insignis
687 2493 868 2569 compendiIs
891 2511 983 2568 quam
1002 2513 1077 2568 quae

110 2579 200 2637 huius
220 2577 364 2652 temporis
385 2577 499 2637 codices
518 2577 662 2636 referunt.
693 2577 752 2636 Sed
770 2577 897 2636 maxime
917 2578 1078 2637 movebant

112 2662 310 2737 suspItionem
338 2661 444 2720 literae
471 2661 601 2721 initiales
642 2662 806 2720 carminum
840 2661 1077 2736 splendidissime

112 2745 228 2822 pariter
242 2749 331 2820 atque
347 2745 568 2821 elegantissime
582 2745 687 2821 pictae,
703 2747 738 2804 ut
752 2746 923 2819 memoravi,
945 2763 1012 2804 cum
1026 2764 1076 2804 ne-

112 2847 172 2906 que
191 2829 325 2888 luxuriae
345 2828 451 2888 similis
471 2829 504 2887 iu
523 2829 714 2888 classicorum
733 2832 888 2904 poetarum
907 2829 1001 2888 libros
1015 2848 1077 2888 sae·

112 2913 181 2972 culo
200 2913 405 2972 tertiodecimo
428 2912 577 2970 adhibitae
592 2913 761 2987 exemplum
775 2915 947 2986 suppeteret
960 2915 992 2971 et
1005 2914 1077 2971 artis

112 2997 197 3056 illius
217 2997 342 3058 diversis
361 2997 443 3070 istis,
465 3015 539 3071 quos
560 2995 737 3069 memoravi,
760 2995 909 3054 coloribus
929 2997 991 3053 tam
1006 2995 1077 3054 scita

112 3082 217 3141 lIteras
241 3081 372 3141 iuitiales
397 3079 545 3157 plagandi
565 3079 712 3156 plurimus
736 3077 844 3138 fuisset
867 3095 939 3137 usus
961 3077 1077 3153 quinto-

112 3167 238 3226 decimo.

180 3250 257 3321 Quid
283 3248 364 3325 quod
392 3249 475 3325 ipsae
503 3249 694 3308 membranae
719 3245 868 3305 saeculum
896 3243 954 3303 XV
979 3245 1079 3322 potius

111 3353 204 3411 quam
218 3333 293 3394 XIII
306 3333 418 3392 referre
432 3331 634 3392 uidebantur?

179 3418 338 3478 Praeterea
358 3417 502 3476 memoria
525 3416 615 3492 digna
628 3415 709 3472 haec.
740 3412 816 3474 Cum
831 3432 918 3490 saepe
933 3418 1078 3476 correctu-

107 3522 163 3564 rae
189 3503 332 3564 vitiorum
358 3519 420 3562 nou
444 3498 534 3560 modo
558 3517 648 3560 manu
669 3499 771 3557 eadem
794 3499 846 3558 sed
866 3499 970 3559 eodem
990 3500 1080 3558 etiam
