2632 4140
20 303 23 307 .
119 217 206 289 rur]
516 217 623 272 urana
644 217 692 272 111.
838 180 889 216 ⁵
1039 212 1081 276 39

119 377 167 443 'lu
188 364 301 462 modo,
326 378 402 443 dum
423 377 512 460 licei,
535 400 554 442 ο
576 377 715 442 fructum
735 399 777 442 ne
799 377 908 443 desere
930 363 1039 442 vilaa'
1138 414 1156 472 3
1177 414 1199 468 5
1214 439 1223 462 5

161 462 278 527 Omnia
299 462 327 526 si
349 461 472 526 dederis
494 462 617 545 oscula,
638 483 740 548 pauca
762 462 861 528 dabis.
1045 474 1080 525 50
1129 449 1138 487 l

117 546 167 610 Ac
188 547 286 611 veluti
308 545 388 610 folia
410 549 534 610 arentes
556 547 676 630 liquere
699 547 849 630 corollas,

161 629 248 706 Quae
269 631 389 714 passim
412 629 544 695 calathis
567 633 666 694 strata
686 633 796 696 natare
817 631 921 714 rides,

117 712 171 779 Sic
191 714 301 796 nobis,
324 715 379 810 qui
400 736 487 779 nunc
508 735 660 799 magnum
682 716 839 799 spiramus
865 717 1022 800 amantes,

158 797 307 863 Forsitan
328 799 470 864 meludel
492 800 629 864 crastina
653 799 721 864 fala
742 799 818 866 dies.

527 931 672 952 ...7.-

478 1011 564 1086 vur
592 1015 715 1107 [xva

114 1134 250 1200 Praetor
272 1133 311 1199 ab
333 1133 470 1220 Illyricis
493 1137 581 1202 venii
602 1129 712 1221 modo,
736 1136 889 1222 Cynthia,
912 1137 1019 1219 terris,

158 1217 298 1282 Maxima
318 1219 437 1303 praeda
455 1219 531 1304 tibi,
553 1221 692 1286 maxima
714 1243 788 1286 cura
809 1221 896 1294 mihi.

113 1301 191 1367 Non
236 1303 318 1366 oluit
339 1323 414 1368 saxo
437 1304 536 1370 vitam
556 1305 700 1402 posuisse
723 1305 890 1371 Cerauno?

155 1387 188 1451 A
243 1389 374 1470 eptune,
396 1387 457 1452 ribi
478 1388 584 1472 qualra
606 1389 689 1456 dona
711 1389 834 1476 darem!

17 1485 18 1550 3
114 1469 211 1535 Nunc
232 1470 302 1535 sine
323 1493 375 1536 me
395 1472 491 1555 plena
511 1473 593 1538 fiunt
615 1475 760 1539 convivia
780 1495 905 1557 mensa,
1056 1485 1075 1535 e

17 1561 18 1630 l
155 1553 253 1620 Nunc
275 1555 344 1618 sine
365 1577 416 1620 me
438 1559 506 1620 tora
526 1557 622 1622 ianua
643 1562 737 1622 nocte
758 1561 856 1642 patei.

17 1633 18 1666 ³
115 1638 240 1721 Quare,
265 1639 292 1702 si
315 1640 416 1723 sapis,
439 1639 563 1706 oblatas
584 1663 625 1706 ne
647 1641 755 1706 desere
775 1663 895 1706 messes

155 1721 200 1786 Et
222 1722 374 1788 stolidum
392 1724 488 1808 pleno
508 1725 624 1789 vellere
647 1747 739 1810 carpe
760 1746 872 1809 pecus:

17 1821 21 1908 3
113 1805 253 1904 Deinde,
274 1806 547 1906 ubiconsumptc
565 1809 849 1906 restabiamunere
870 1829 1005 1892 pauper,

17 1909 18 1938 ³
155 1889 217 1956 Drc
239 1890 317 1954 alras
337 1894 454 1956 uterum
475 1895 605 1978 naugel
625 1891 761 1976 lllyrras.
1042 1903 1075 1953 10

113 1973 252 2058 Cynthia
273 1995 341 2038 non
362 1977 505 2060 sequitur
525 1977 628 2042 fasces
649 1999 709 2042 nec
732 1979 822 2042 curat
842 1974 1011 2072 honoreS,3

156 2057 289 2143 Semper
311 2062 488 2125 auratorum
533 2061 666 2126 enderai
686 2061 742 2126 illa
763 2061 861 2126 sinus.
1007 2090 1010 2133 ι

111 2143 157 2206 Ar
178 2145 214 2208 lu
235 2163 323 2208 nunc
342 2147 470 2227 nostre,
492 2083 617 2229 lienus,
641 2167 660 2210 ο
683 2165 828 2211 succurre
851 2143 968 2228 dolori,

153 2225 299 2310 Rumpai
319 2231 356 2291 nl
377 2228 515 2294 adsiduis
537 2230 680 2295 membra
700 2228 894 2294 libidinibus.

111 2309 200 2458 Erpo
223 2311 407 2376 muneribus
423 2313 524 2395 quivis
546 2315 704 2378 mercatur
725 2313 887 2378 amorem?
1042 2325 1074 2375 15

170 2395 313 2479 uppiter,
335 2395 468 2480 indigna
489 2419 594 2462 merce
616 2397 722 2481 puella
742 2397 834 2481 perit.

112 2477 246 2562 Semper
267 2479 302 2543 in
325 2479 486 2545 Oceanum
507 2481 609 2546 mittit
629 2503 680 2546 me
702 2501 851 2565 quaerere
873 2500 1015 2565 gemmas

153 2563 200 2628 Er
221 2563 310 2627 iubet
332 2585 370 2628 ex
391 2565 463 2648 ipsa
483 2566 596 2632 tollere
618 2565 702 2630 dona
723 2564 817 2648 Tyro,

110 2648 219 2730 Atque
240 2647 363 2711 utinam
384 2647 506 2721 Romae
525 2671 620 2715 nemo
643 2653 726 2715 essct
747 2649 835 2713 dives
858 2651 890 2714 et
911 2649 979 2732 ipse

154 2731 334 2796 Siramiuea
353 2737 463 2816 possea
484 2733 547 2808 dux
568 2735 712 2799 habitare
734 2735 821 2799 casa!
1038 2743 1075 2796 20

17 2885 18 2896 ,
109 2815 295 2899 Numquam
316 2815 444 2881 venales
466 2821 573 2882 essent
594 2817 634 2881 ad
654 2840 770 2882 munus
792 2817 925 2900 amicae,

153 2901 261 2983 Atque
282 2921 346 2963 una
367 2900 458 2965 fieret
478 2923 558 2965 cana
578 2901 686 2984 puella
707 2901 815 2964 demo·

109 2983 189 3050 Non
211 2984 286 3068 quie
306 2986 454 3068 septenas
474 2989 585 3050 noctes
608 2985 751 3049 seiuncta
773 2951 912 3065 calaris,
982 3003 986 3059 r

153 3067 299 3133 Candida
319 3071 385 3133 iam
407 3069 501 3135 foedo
523 3068 652 3134 brachia
673 3067 744 3132 fusa
765 3067 849 3149 vire,

106 3151 189 3218 Non
210 3153 285 3236 quia
305 3154 463 3238 peccaris,
487 3157 587 3219 testor
607 3155 656 3236 te,
679 3149 735 3216 sed
756 3151 829 3235 quia
850 3149 946 3234 vulgo
980 3173 984 3229 5
1039 3162 1074 3214 aa

151 3235 317 3301 Formosis
339 3236 452 3302 levitas
475 3259 598 3322 semper
620 3236 722 3301 amica
742 3235 812 3300 fuit.

17 3355 18 3404 1
107 3319 271 3384 Barbarus
294 3321 433 3386 excussis
455 3323 558 3407 agitat
577 3320 714 3406 vesligia
734 3319 851 3384 lumbis
981 3351 983 3354 ·

151 3403 199 3468 Er
220 3405 326 3469 subido
348 3405 426 3469 felix
447 3426 533 3470 nuuc
553 3425 625 3469 mea
644 3426 745 3490 regna
765 3406 863 3469 tenet.
923 3421 926 3426 '

17 3511 19 3598 3
108 3489 230 3572 Aspice
253 3489 329 3574 quid
351 3489 443 3555 donis
465 3488 621 3574 Eriphyla
646 3489 769 3554 invenit
789 3488 921 3572 amaris,
