2666 4138
176 255 179 261 .
216 215 330 264 xxvm
596 203 808 262 PRAEFATIO.

216 374 301 448 plum
322 373 424 430 extant
444 367 559 447 priores
573 373 636 430 tres
656 370 726 430 libri
740 367 899 444 Propertii.
929 367 999 426 Mox
1012 369 1114 435 tamen
1130 386 1187 427 au·

218 455 354 515 ctoritate
370 454 470 515 Ovidii
486 457 595 530 evenit,
616 457 651 514 ut
664 453 777 513 relictis
791 451 858 512 istis
872 451 1002 511 modulis
1016 452 1187 510 cultissima

218 557 350 614 quaeque
371 541 555 598 sectarentur
575 539 627 614 qui
652 537 777 598 disticha
801 537 975 612 pangerent.
1017 535 1076 594 Sed
1100 537 1186 594 anim

217 623 277 681 iam
293 623 328 681 de
343 623 434 682 Albio
448 623 614 682 videamus.

282 721 373 782 Cuius
391 724 423 780 in
439 724 502 780 arte
517 721 709 780 describenda
722 721 773 780 vix
786 738 841 779 nos
856 719 1021 778 morabitur
1035 717 1114 792 quod
1128 718 1185 775 ad·

219 805 282 864 dita
300 805 437 864 feruutur
456 806 635 864 carminibus
656 805 719 863 eius
735 807 836 879 aperta
852 803 957 875 aliena,
973 804 1047 878 puta
1061 801 1184 876 Lygda-

218 889 274 962 mi,
297 889 459 964 Sulpiciae,
480 889 545 948 cius
565 889 617 964 qui
645 887 764 963 scripsit
791 887 893 962 laudes
916 886 1071 945 Messallae
1090 903 1186 944 versu

218 971 346 1031 heroico.
375 973 454 1032 Nam
473 973 505 1030 hi
526 991 628 1032 omnes
643 975 678 1030 ut
691 973 788 1030 aetate
803 989 945 1046 suppares
959 969 1002 1028 ita
1015 970 1186 1027 metrorum

219 1057 384 1116 rationibus
405 1057 478 1116 adeo
499 1060 571 1117 sunt
588 1056 700 1116 similes
716 1055 837 1128 Tibulli,
853 1055 940 1113 facile
954 1055 989 1112 ut
1002 1051 1184 1128 persuadeas

218 1139 276 1198 tibi
297 1140 401 1199 ducam
428 1159 495 1198 eum
519 1141 611 1200 fuisse
636 1140 697 1198 illis
724 1141 755 1198 et
779 1139 957 1214 magistrum
976 1137 1014 1194 ad
1033 1136 1185 1212 poeticam

218 1223 420 1284 tendentibus.
457 1224 570 1282 Tamen
589 1243 664 1298 quae
686 1223 802 1282 dvorsa
821 1223 858 1280 ab
878 1222 941 1280 eius
961 1239 1066 1280 norma
1087 1218 1185 1278 admi-

220 1325 300 1380 sere,
322 1310 353 1365 at
366 1325 490 1365 numero
505 1308 611 1382 exigua
625 1307 678 1364 illa
693 1309 724 1364 et
737 1323 829 1381 parvo
845 1305 1007 1373 momento,
1028 1322 1095 1362 cunr
1110 1321 1186 1360 cura

219 1389 436 1449 indicabuntur.
549 1395 557 1410 ¹

282 1472 380 1546 igitur
394 1473 557 1531 hexametri
573 1473 737 1532 Tibulliani
750 1473 823 1532 haec
838 1475 885 1532 est
899 1472 1026 1546 species:

487 1591 776 1602 -u--n-—u—

221 1691 338 1750 excluso
353 1689 485 1752 atrides
500 1709 517 1748 a
532 1689 599 1748 sade
611 1691 796 1765 paenultima
804 1689 944 1764 spondeo.
961 1687 1089 1748 Omnino
1101 1687 1186 1748 hunc

220 1773 327 1848 pedem
348 1776 384 1832 ut
403 1774 572 1849 graviorem
591 1775 692 1850 paullo
719 1773 940 1848 tardioremque
966 1773 1066 1830 minus
1090 1791 1186 1846 quam

221 1855 355 1917 Catullus
371 1854 401 1916 et
415 1857 589 1933 Propertius
603 1858 635 1916 in
650 1857 741 1916 simili
755 1860 852 1916 metro
868 1855 1023 1932 usurpavit
1033 1856 1093 1914 ille.
1123 1855 1186 1916 His

220 1943 321 2000 tamen
338 1941 481 2000 hactenus
502 1944 548 2002 est
568 1942 686 2014 similis,
709 1939 788 2016 quod
802 1940 954 1999 incisionis
970 1939 1186 2014 semiseptena-

220 2023 281 2082 riae
297 2042 407 2100 genera
427 2025 616 2099 pluraquam
632 2023 739 2084 Ovidio
762 2043 829 2082 cum
844 2024 1039 2083 severissimis
1054 2024 1187 2082 auctori-

220 2107 275 2166 bus
290 2109 363 2167 artis
376 2109 535 2182 probatum
550 2108 682 2166 admittit
696 2110 792 2166 metro
806 2107 933 2167 heroico.
959 2106 1080 2166 Etenim
1094 2125 1187 2182 praa-

220 2192 267 2248 tsr
280 2191 371 2266 vulgo
384 2193 503 2266 recepta
516 2191 587 2248 haao
603 2194 633 2249 et
646 2191 719 2248 talia

772 2304 776 2321 ι

421 2303 776 2371 -υυ-Ιυυ-υΙυ-Ι
791 2337 991 2358 ννννννν
1057 2341 1062 2348 “

420 2437 622 2460 -------
638 2402 970 2472 'HV—'UV-anv

420 2505 550 2571 -υυ-Ι
565 2537 735 2558 νννννν
750 2505 754 2570 Ι
770 2537 968 2558 υυυυυυυ

302 2609 407 2684 hisque
423 2609 470 2668 die
489 2604 494 2688 Ι
512 2610 643 2668 resoluto
658 2628 756 2668 comas
775 2606 780 2688 Ι
800 2610 857 2669 tibi
872 2610 971 2668 dicere·
982 2608 1086 2670 laudea

306 2695 424 2768 atquae
439 2691 498 2751 fida
512 2693 571 2764 fuit
584 2693 670 2766 nulli,
691 2689 695 2772 Ι
714 2695 783 2768 post
796 2693 876 2754 victa
890 2696 1007 2753 senecta

303 2777 380 2835 ferto
395 2780 426 2835 et
440 2795 525 2852 opes:
547 2771 551 2856 Ι
572 2795 626 2853 ego
642 2778 794 2852 conposito
814 2773 819 2858 Ι
838 2767 957 2837 securu's
973 2794 1077 2836 acervo

218 2875 309 2937 hahet
322 2877 412 2936 etiam
426 2879 461 2935 nt
474 2879 547 2952 puta
560 2878 614 2936 illa

421 3024 649 3046 νννννννν
664 2992 967 3058 Ιυ-Ιυν-νν-ν

421 3125 561 3144 -----
576 3091 986 3158 Ιν-νΙυ-Ιυυ-νυ-υ

302 3199 359 3256 huo
374 3195 443 3258 adei
459 3197 633 3274 adspiruque
647 3197 720 3256 mihi
740 3193 744 3276 Ι
764 3197 835 3256 dnm
850 3199 978 3256 carmine
992 3198 1097 3258 nostru

304 3301 366 3341 non
381 3301 436 3358 ego
451 3287 527 3342 totus
541 3283 650 3342 abesset
663 3299 746 3340 amor
765 3275 770 3360 Ι
789 3281 841 3340 sed
855 3283 976 3340 mutuus
992 3284 1079 3367 esset.

283 3381 450 3455 Numquam
464 3385 566 3441 tamen
581 3383 700 3440 adhibet
724 3383 851 3458 speeiem
867 3385 988 3456 sextum,
1009 3401 1068 3457 qua
1084 3384 1116 3440 et
1131 3384 1188 3444 ab·

220 3465 260 3526 ait
274 3465 503 3525 trithemimeres
517 3485 572 3526 nac
586 3465 724 3526 trochaeo
739 3467 828 3526 tertio
844 3467 968 3527 verbum
982 3465 1112 3524 finiatur.
1135 3467 1189 3527 Ea
