2632 4140
228 222 272 286 20
608 225 801 282 naoraaru
1116 228 1189 300 [xx

243 401 275 451 15
291 388 378 466 Quae
399 395 495 453 miser
515 388 636 474 ignotis
658 409 746 454 error
765 409 933 473 perpessus
955 387 991 452 in
1011 388 1076 452 oris

333 472 481 538 Herculis
503 471 658 538 indomito
679 472 810 537 fleverat
830 471 979 536 Ascanio.

292 556 437 641 Namque
459 557 567 620 ferrmt
588 556 665 620 olim
686 555 829 641 Pagasae
849 556 1016 620 navalibus
1038 555 1153 642 Argon

333 640 505 726 Egressum
526 640 623 738 longe
643 639 799 706 Phasidos
821 641 884 704 isse
905 641 1004 722 uam,

291 723 336 790 Et
356 724 421 788 iam
441 724 620 809 praeteritis
642 723 802 789 labentem
823 723 1071 789 Athamantidos
1092 725 1187 790 undis

242 822 276 874 20
331 807 495 892 Mysorum
517 809 657 892 scopulis
678 807 868 892 adplicuisse
888 812 1000 873 ratem.

290 891 354 956 Hic
375 914 489 957 manus
510 891 658 975 heroum,
681 892 814 976 placidis
835 895 872 956 ut
892 893 1037 958 constitit
1058 893 1139 977 oris,

333 976 446 1041 Mollia
467 977 636 1061 conposita
654 976 764 1040 littora
785 977 898 1042 fronde
918 977 1008 1062 tegit.

291 1060 338 1124 At
358 1081 464 1125 comes
485 1061 596 1126 invicti
616 1060 739 1125 iuvenis
760 1065 960 1145 processerat
980 1061 1079 1144 ultra,

333 1143 450 1210 Raram
471 1145 604 1229 sepositi
626 1165 777 1228 quaerere
797 1145 897 1210 fontis
919 1167 1042 1230 aquam.

242 1241 274 1290 25
289 1226 384 1292 Hunc
406 1228 468 1294 duo
490 1229 603 1294 sectati
622 1229 753 1312 fratres,
777 1230 948 1313 Aquilonia
968 1230 1090 1314 proles,

332 1311 428 1377 Hunc
449 1334 544 1397 super
565 1317 598 1377 et
619 1312 726 1396 Zetes,
749 1313 834 1378 hunc
855 1336 950 1398 super
971 1318 1003 1378 et
1024 1312 1148 1399 Calais,

291 1394 408 1460 Oscula
429 1397 591 1480 suspensis
612 1397 776 1462 instabant
797 1417 925 1482 carpere
946 1398 1074 1483 palmis,

334 1479 451 1544 Oscula
473 1481 505 1544 et
526 1480 650 1544 alterna
669 1480 753 1545 ferre
775 1482 891 1566 supina
910 1482 997 1568 fuga.

291 1563 350 1627 Hla
373 1563 431 1628 sub
453 1566 593 1628 extrema
614 1564 756 1648 pendens
779 1565 952 1631 secluditur
973 1567 1023 1630 ala

242 1660 277 1708 ao
332 1645 382 1711 Elt-
397 1647 540 1714 volucres
561 1670 649 1713 ramo
672 1649 839 1714 submovet
859 1650 997 1715 insidias.

291 1729 360 1796 Iam
381 1731 577 1797 Pandioniae
599 1733 695 1798 cessit
715 1755 817 1818 genus
840 1732 932 1798 Orith
957 1735 964 1748 '
985 1755 1018 1800 e:

332 1817 372 1899 A,
395 1815 486 1880 dolor
507 1817 575 1882 ibat
594 1816 706 1901 Hylas,
727 1817 795 1882 ibat
815 1816 900 1882 Ham
978 1819 1058 1884 asin.

290 1897 354 1964 Hic
376 1903 445 1964 erat
464 1900 626 1986 Arganthi
646 1900 691 1966 Pe
715 1921 752 1966 ae
773 1901 832 1966 sub
853 1901 971 1968 vertice
991 1903 1112 1969 montis

333 1983 433 2048 Grata
453 1984 566 2049 domus
587 1983 693 2070 Nymp
720 1985 727 1998 ⁶
766 1985 874 2050 umida
895 1985 1086 2070 Thyniasin,

242 2079 275 2128 aa
290 2065 392 2144 Quam
414 2089 509 2152 supra
528 2067 636 2134 nullae
656 2069 839 2152 pendebant
859 2070 965 2134 debita
986 2092 1078 2136 curae

332 2150 472 2215 Roscida
492 2151 625 2216 desertis
646 2173 742 2236 poma
763 2153 822 2218 sub
843 2153 1022 2238 arboribus,

289 2233 335 2299 Et
356 2234 474 2299 circum
495 2235 622 2320 inriguo
645 2236 819 2321 surgebant
839 2237 906 2303 lilia
926 2241 1018 2322 prato

333 2316 476 2384 Candida
496 2319 663 2404 purpureis
684 2319 785 2384 mixta
804 2321 1023 2406 papaveribus.

293 2400 379 2478 Quae
401 2401 496 2468 modo
519 2403 690 2489 decerpens
712 2408 823 2470 tenero
845 2405 1008 2552 pueriliter
1028 2409 1130 2492 ungui

241 2497 275 2546 so
331 2485 500 2570 Proposito
522 2487 633 2552 florem
654 2489 805 2572 praetulit
826 2487 947 2570 oficio,

289 2568 334 2634 Et
354 2569 450 2634 modo
471 2570 623 2636 formosis
642 2572 829 2638 incumbens
850 2575 975 2639 nescius
996 2574 1088 2639 undis

332 2653 483 2718 Errcrem
505 2654 629 2720 blandis
650 2655 756 2720 tardat
776 2657 980 2742 imaginibus.

289 2735 432 2802 Tandem
453 2737 578 2804 haurire
599 2741 692 2823 parat
712 2739 856 2806 demissis
877 2741 1010 2807 flumina
1029 2743 1145 2826 palmis

332 2819 463 2886 Innixus
486 2821 596 2888 dcxtm
617 2823 713 2908 plena
733 2823 863 2890 trahens
884 2847 1004 2891 umero.

241 2917 274 2967 45
289 2902 387 2970 Cuius
409 2907 446 2970 ut
467 2926 618 2971 accensae
639 2905 783 2990 Dryades
805 2909 941 2975 candore
961 2911 1085 2995 puellae

332 2988 465 3054 Miratae
487 2989 599 3056 solitos
621 2991 792 3068 destituere
814 2992 945 3078 choros,

288 3071 477 3158 Pmlapsum
499 3073 611 3140 leviter
632 3075 719 3140 facili
739 3079 863 3142 traxere
885 3077 1021 3176 liquore:

331 3155 413 3222 Tum
435 3157 576 3223 sonitum
596 3162 688 3242 rapto
710 3181 843 3244 corpore
864 3162 1071 3246 fethylas.

291 3240 352 3307 Oui
372 3241 485 3324 procul
506 3241 636 3308 Alcides
657 3242 752 3308 iterat
772 3250 953 3330 responset:
976 3247 1078 3312 atilli

239 3337 273 3387 co
327 3323 455 3389 Nomen
476 3326 517 3390 ab
539 3327 687 3392 extrarius
708 3327 851 3394 fontibus
873 3352 950 3394 aura
970 3330 1077 3396 refert.

288 3406 364 3489 His,
387 3428 406 3470 o
430 3407 535 3493 Galle,
557 3414 630 3476 tuos
652 3411 792 3478 monitus
815 3413 955 3478 servabis
977 3435 1116 3501 amores,

330 3489 518 3558 Formosum
539 3492 698 3580 Nymphis
721 3496 847 3562 credere
868 3499 955 3562 visus
976 3497 1094 3582 Hylan.
