2598 4136
1 430 2 460 l

1 462 3 497 l

1 507 2 545 l

1 549 2 572 l

485 163 700 224 PRAEFATIO.
1008 177 1072 224 XXI

168 334 211 394 ib.
228 333 269 391 49
284 347 344 390 reeo
360 328 444 403 Scal,
459 337 510 389 serr
524 328 625 390 ABG.

119 505 125 517 .
168 418 211 476 ib.
228 418 266 474 51
283 414 494 490 1611111111,
511 414 590 488 Itali,
606 417 716 476 roetico
728 433 773 492 pr.
784 414 821 490 A,
836 418 942 476 16111116
956 415 991 490 Β,
1007 435 1072 477 serr·

100 500 213 644 troni&
228 585 268 644 53
289 584 348 654 161·
366 583 409 642 ite
428 586 508 642 recte
524 583 604 656 cdd,
625 583 705 659 quod
728 584 765 642 ad
779 585 855 644 illud
870 586 983 645 1116111
996 585 1071 646 refe·

1 694 2 753 3
101 670 248 743 rendum,
270 685 324 728 ooe
336 668 437 744 vulgo,
453 687 511 742 qua
524 668 630 728 rocula
645 667 791 742 Tibullus,
813 669 1072 744 frequentissimus

1 783 2 800 ,
103 755 179 813 alias
200 756 235 811 ut
253 752 362 826 reliqui
387 751 565 810 eroticorum
589 751 845 812 interiectionibus
870 754 1071 828 admittendis,

102 857 167 897 non
180 839 287 894 utitur.

169 922 212 980 ib.
230 923 267 979 77
291 925 322 981 ot
335 924 361 980 16
376 937 475 994 poeno
488 924 605 989 1111161·
624 919 682 978 huc
702 921 852 994 pertinere
867 921 948 996 quod
960 922 1074 997 legitur

102 1027 152 1082 ap.
170 1005 258 1064 Char.
273 1023 323 1080 pg.
341 1005 401 1064 297
422 1003 455 1062 in
475 1004 618 1077 exemplis
638 1003 778 1060 manendi
791 1005 876 1062 verbi
891 1023 957 1062 cum
972 1005 1072 1064 dativo

100 1090 202 1149 iuneti
223 1088 291 1147 ‘rior‘
306 1105 404 1161 poeno
423 1087 538 1146 omoei’
560 1088 595 1144 ut
615 1086 755 1145 haustum
776 1087 815 1144 sit
830 1087 943 1146 Tibulli
964 1106 1074 1146 nomen

102 1194 174 1234 oum
201 1171 351 1231 Ciceronis
378 1168 474 1248 (cuius
499 1171 635 1245 proxime
660 1167 835 1248 praecessit)
857 1167 971 1245 verbis,
997 1191 1071 1246 quae

100 1260 194 1334 putat
209 1255 323 1314 Keilius
343 1255 438 1330 petita
458 1272 494 1312 ex
507 1254 581 1328 phil.
597 1253 638 1328 11,
654 1254 683 1330 5,
700 1255 748 1330 11,
765 1255 933 1316 acutissime
948 1256 1074 1316 coniecit

100 1341 316 1402 Fleckeisenus
331 1341 443 1398 noster.

170 1442 197 1516 Ι,
215 1443 243 1514 9,
262 1441 300 1498 25
316 1442 418 1514 lrapaa
433 1457 495 1497 exo.
511 1439 590 1513 Par,
607 1439 669 1499 leoo
682 1439 720 1515 A,
736 1441 798 1501 lere
811 1441 848 1501 Β.

167 1527 212 1584 ib.
227 1526 268 1582 45
283 1543 303 1584 o
318 1523 432 1598 scripsi,
449 1523 540 1596 an,
557 1529 620 1582 tora
634 1543 663 1584 1.

168 1611 213 1668 ib.
229 1611 278 1682 69,
296 1610 336 1667 70
357 1608 461 1666 traieci
475 1610 545 1682 post
562 1609 611 1666 72.

169 1711 196 1783 Ι,
216 1712 262 1783 10,
280 1710 308 1782 5,
326 1711 344 1768 6
360 1727 403 1768 arr
416 1709 490 1767 11111
504 1709 552 1767 ille
566 1710 654 1768 miser
667 1709 794 1768 mouit?
808 1725 862 1768 reos
876 1711 916 1769 od
929 1709 1009 1768 molo
1023 1726 1075 1768 reo·

102 1801 170 1856 stro
184 1797 336 1865 vertimus,
360 1795 395 1852 aa
413 1809 515 1852 soccos
535 1793 611 1866 qaod
625 1793 702 1852 dedit
715 1793 762 1851 1116
775 1791 876 1863 feros?
904 1793 1014 1852 Nullus
1028 1793 1077 1851 hic

103 1877 337 1954 interrogationi
350 1877 450 1950 locus3
465 1894 561 1952 neque
577 1875 657 1934 enim
668 1875 805 1934 dubitare
819 1879 939 1950 poetam
956 1875 1076 1934 demon-

105 1965 208 2024 strant
234 1961 396 2036 sequentia.
440 1955 622 2035 Reponenda
650 1977 725 2034 quae
749 1960 860 2018 totiens
885 1959 1076 2018 librariorum

103 2047 214 2107 fraude
230 2065 333 2106 eversa
347 2045 454 2104 vocula
469 2062 497 2104 o.
527 2044 572 2102 Fla
585 2043 634 2102 hic
649 2045 791 2118 sequente
805 2062 828 2103 11
841 2044 940 2103 labem
954 2045 1054 2102 traxit.

170 2147 213 2204 ib.
232 2149 269 2203 11
285 2146 365 2220 culpi
379 2145 454 2216 cdd,
477 2163 551 2202 corr.
567 2143 605 2202 N.
621 2143 773 2203 Heinsius.

171 2247 214 2304 ib.
230 2247 279 2304 25.
302 2246 376 2305 Post
389 2245 468 2302 hunc
482 2264 510 2304 u.
527 2245 671 2304 excidisse
693 2247 724 2302 et
737 2245 875 2304 ultimam
889 2265 1011 2322 precum
1027 2247 1075 2305 Ti-

103 2332 187 2390 bulli
202 2333 317 2405 partem
333 2332 364 2388 et
377 2330 505 2404 primam
520 2329 584 2388 voti
599 2330 659 2386 iam
673 2329 848 2388 intellexere
863 2330 942 2388 Itali.

172 2431 214 2488 ib.
231 2433 270 2490 37
280 2431 486 2504 permissisque
501 2444 562 2488 exc.
580 2429 665 2503 Scal,
676 2432 829 2504 perscissr'e
843 2449 904 2489 exe.
920 2430 997 2504 Par,
1007 2449 1076 2504 per·

103 2516 257 2588 dasborc
269 2534 299 2574 v.

172 2598 215 2656 ib.
231 2600 271 2658 49
287 2616 362 2672 poce
382 2599 482 2658 bidens
496 2615 646 2672 vomerque
660 2601 773 2674 rigeat·
793 2603 889 2675 ciperet
902 2599 975 2674 ΑΟ,
998 2599 1034 2657 cf.
1050 2600 1075 2674 Ι,

104 2687 137 2758 3,
155 2684 207 2742 59.
237 2682 317 2742 Nilei
336 2701 396 2741 erc.
414 2683 490 2742 Scal.
513 2686 544 2741 et
562 2683 647 2758 Pan,
668 2687 762 2744 reiteret
777 2683 911 2758 Guietus,
933 2682 1013 2758 quod
1027 2683 1076 2741 fir-

102 2767 188 2826 mari
208 2765 249 2824 ait
268 2767 425 2827 Richterus
444 2785 495 2842 pg.
519 2767 558 2826 66
580 2767 641 2826 illis
662 2786 737 2842 quae
760 2771 830 2828 sunt
850 2787 896 2844 ap.
918 2765 972 2826 Or.
992 2765 1073 2826 Fast.

102 2851 181 2924 ΠΠ,
200 2852 270 2924 927,
286 2853 316 2910 8.

171 2935 214 2992 ib.
231 2935 280 2994 50.
308 2935 382 2994 Post
401 2935 480 2994 hunc
500 2955 528 2994 v.
550 2935 695 3010 quaedam
721 2937 863 2996 excidisse
885 2936 1006 2994 omnino
1027 2934 1076 2990 ad-

104 3019 224 3078 sentior
238 3017 346 3078 Haasio
364 3015 396 3098 [l.
406 3038 504 3094 mpg.
518 3013 559 3096 6]‚
575 3019 646 3078 licet
661 3019 733 3079 alias
748 3021 811 3080 eius
827 3018 932 3077 dehoc
947 3017 1076 3074 carmine

104 3101 297 3178 opinationes
319 3103 446 3178 probare
465 3121 526 3162 non
546 3104 674 3178 possim,
695 3121 791 3178 neque
806 3103 886 3160 enim
901 3103 948 3158 est
963 3099 1076 3158 Tibulli

102 3187 280 3246 narratione
295 3189 358 3244 tam
373 3188 498 3262 abrupta
512 3187 545 3246 in
561 3187 664 3244 eadem
682 3205 715 3256 re
730 3184 933 3260 persequenda
947 3185 1076 3244 transire

102 3271 143 3328 ad
160 3269 371 3330 diversissima.
401 3271 519 3328 Excidit
533 3270 652 3344 longior
672 3269 832 3344 descriptio
847 3269 994 3328 analium
1007 3288 1075 3346 ope-

100 3373 177 3414 rum
192 3356 224 3410 et
238 3353 413 3429 gaudiorum
426 3373 500 3430 quae
517 3354 648 3413 solerent
662 3353 781 3412 evenire
795 3353 828 3411 in
841 3372 923 3428 pace.

172 3437 214 3496 ib.
231 3439 268 3496 61
285 3439 497 3498 168111111111.
513 3437 663 3512 Heinsius,
675 3439 858 3512 perscindere
873 3438 938 3497 cdd.
