2628 4116
93 170 166 243 xvi]
507 163 620 222 nnus.

165 329 232 392 Vos
254 327 332 392 hinc
355 326 476 390 interea
499 323 628 410 (valete)
652 325 736 389 abite

165 413 261 494 Illuc,
283 410 370 476 unde
391 409 511 473 malum
531 408 646 492 pedem
668 406 833 490 attulistis,

167 495 271 562 Saceli
292 492 510 574 incommoda,
533 493 663 575 pessimi
684 497 807 576 poetae.

491 631 642 640 —n-——-

495 703 630 779 XHllb.

168 829 259 912 Siqui
280 828 365 892 forte
386 848 529 892 mearum
550 828 741 911 ineptiarum

166 913 317 978 Lectores
340 911 428 975 eritis
449 932 625 995 manusque
646 914 766 976 vestras
1014 917 1048 968 25

167 996 245 1062 Non
267 995 438 1058 horrebitis
461 995 627 1058 admovere
648 995 758 1078 nobis,

308 1104 326 1142 *
452 1105 469 1144 *
597 1105 614 1144 'l‘

491 1199 644 1210 nna—un·—

528 1291 605 1365 XV.

170 1414 369 1480 Commendo
390 1413 450 1476 tibi
472 1435 522 1478 me
544 1435 580 1478 ac
603 1435 690 1478 meos
713 1434 850 1497 amores,

171 1499 295 1562 Aureli.
328 1497 455 1562 veniam
476 1501 550 1581 peto
572 1499 758 1582 pudentem,

171 1582 231 1665 Vt,
254 1583 282 1646 si
304 1582 471 1664 quicquam
493 1581 599 1646 enimc
621 1584 678 1646 tuo
701 1581 831 1666 cupisti,

172 1666 266 1742 Quod
288 1667 410 1730 castum
432 1669 593 1750 expeteres
616 1669 648 1730 et
668 1666 868 1750 integellum,

170 1750 349 1816 Consentes
371 1771 502 1833 puerum
524 1749 604 1814 mihi
625 1750 752 1834 pudice,
1033 1761 1049 1811 o

170 1834 249 1900 Non
270 1833 341 1898 dieo
364 1855 382 1930 a
403 1834 537 1980 populo:
559 1833 641 1898 nihil
663 1854 806 1897 veremur

172 1917 274 2000 Istos,
298 1917 353 2000 qui
373 1939 407 1980 1n
428 1919 534 2000 putea
555 1918 650 1980 modo
673 1917 735 1980 huc
756 1916 850 1980 modo
873 1917 948 1981 illuc

171 2002 213 2066 In
234 2023 268 2066 re
290 2004 492 2084 praetereunt
513 2021 571 2066 sua
593 2001 753 2085 occupati:

172 2085 294 2150 Verum
316 2106 335 2147 a
355 2089 387 2149 te
408 2089 515 2150 metuo
537 2089 656 2169 tuoque
677 2105 759 2170 pene

172 2169 296 2234 Infesta
318 2169 430 2252 pueris
445 2169 538 2233 bonis
559 2170 723 2254 malisque.
1018 2181 1050 2230 10

174 2255 278 2330 Quem
298 2255 334 2316 tu
356 2273 417 2336 qua
437 2253 540 2336 lubet,
562 2259 598 2317 ut
619 2253 721 2337 iubet,
743 2257 886 2332 movete,

174 2339 337 2414 Quantum
358 2337 421 2419 vis,
444 2337 499 2401 ubi
522 2338 582 2402 erit
602 2338 696 2420 foris,
718 2341 877 2424 paratum:

173 2422 271 2486 Hunc
293 2443 391 2484 unum
413 2421 552 2504 excipio,
574 2426 610 2486 ut
630 2425 723 2506 pute,
745 2421 908 2507 pudenter.

174 2505 268 2582 Quod
290 2505 369 2568 site
391 2506 475 2570 mala
496 2527 586 2570 mens
607 2506 757 2590 fruorque
779 2527 888 2572 vecors

173 2590 212 2654 ln
235 2591 359 2653 tantem
380 2589 544 2673 inpulerit,
567 2591 720 2673 sceleste,
737 2591 876 2674 culpem,
1019 2603 1051 2652 15

173 2674 222 2738 Vt
241 2677 386 2737 nostrum
407 2673 532 2738 insidiis
553 2677 648 2758 eaput
669 2675 819 2757 lacessas,

173 2761 206 2822 A
229 2761 299 2820 tum
320 2759 352 2820 te
373 2758 522 2822 miserum
543 2759 680 2842 mehque
702 2760 774 2843 fati,

175 2843 280 2917 Quem
302 2843 444 2906 attractis
466 2841 599 2925 pedibus
621 2846 749 2926 patente
769 2846 864 2926 porta

173 2926 367 2990 Percurrent
386 2925 582 3012 raphanique
604 2928 810 3012 mugilesquc.

496 3067 647 3078 .------

521 3141 616 3215 XVI.

175 3263 339 3329 Pedicabo
361 3285 418 3348 ego
440 3286 497 3328 vos
520 3269 552 3330 et
572 3265 755 3348 inrumab0,

174 3347 293 3412 Aureli
312 3347 437 3432 pathice
459 3353 491 3413 ct
512 3350 640 3414 cinaede
661 3349 752 3430 luri,

175 3433 242 3510 Qui
264 3451 317 3494 me
340 3453 376 3494 ex
396 3433 556 3498 versiculis
577 3435 656 3498 meis
678 3433 829 3518 putastiS,
