2666 4138
98 267 146 340 u]
502 265 665 324 umuuu.
1025 261 1067 352 es

102 428 189 496 Haec
212 426 330 494 cecinit
350 428 438 492 vates
461 428 645 510 eliasibi,
669 427 812 512 Phoebe,
835 427 976 511 vocavit,
1033 439 1067 491 00

143 513 281 578 laetavit
302 511 390 576 fusas
412 513 445 576 et
466 514 562 595 eaput
582 515 656 576 ente
679 533 795 576 comes.

103 595 264 680 Quidquid
285 595 470 678 Amalthea,
487 594 646 744 (quidquid
667 593 702 660 M
761 595 827 660 esia
848 595 929 660 dixit

144 678 337 765 Herophilo,
358 677 465 764 Phyto
516 700 645 763 rareque
667 700 729 762 quo
773 679 914 762 monuit,

105 765 251 848 Quasque
276 763 401 828 Aniena
423 783 526 827 sacras
548 762 664 827 Tiburs
682 784 743 860 per
763 763 895 828 flumina
916 763 1018 827 sortes

140 847 287 912 'Portorit
307 847 393 911 sicco
415 846 641 931 pertuleritque
663 868 750 932 amu,
1035 857 1069 910 ⁷0
1217 909 1220 944 Ι
1278 890 1284 930 ³·

106 931 208 1016 (Haec
229 931 298 995 fore
319 930 467 995 dixerunt
488 929 565 994 belli
585 930 671 994 mele
691 931 786 1015 signa
808 932 967 1013 cometen,
1114 952 1184 1020 w
1201 923 1255 1009 tre

146 1015 269 1080 Multus
289 1017 326 1080 ut
346 1014 381 1078 in
401 1016 501 1078 terres
524 1013 747 1098 deplueretque
771 1015 867 1097 lapis:
1247 1014 1254 1042 ²

105 1099 211 1182 Atque
233 1097 325 1162 tubas
347 1100 442 1182 atque
464 1118 553 1162 arma
573 1098 681 1162 fenmt
702 1097 903 1182 strepitantia
925 1097 1012 1161 eaelo
1114 1082 1210 1180 W
1225 1104 1250 1129 ἴ·

146 1181 268 1246 Audita
289 1183 321 1246 et
341 1182 431 1246 lucos
452 1181 666 1266 praecinuisse
687 1181 814 1266 fugem,
839 1213 842 1222 Α
1180 1163 1194 1220 (’

105 1265 149 1331 Et
170 1266 339 1332 simulacra
360 1265 454 1330 deum
474 1265 620 1330 lacrimas
641 1264 761 1331 fudisse
781 1267 926 1350 tepentes

148 1349 289 1434 Fataque
311 1349 437 1414 vocales
459 1349 697 1434 praemonuisse
718 1349 831 1432 boves,

104 1432 215 1518 Ipsum
236 1433 332 1498 etiam
353 1432 461 1499 Solem
483 1433 641 1498 defectum
662 1433 782 1498 lumine
802 1432 883 1498 vidit

147 1517 164 1581 I
233 1538 285 1582 ere
305 1517 462 1601 pallentes
483 1517 612 1582 nubilus
634 1539 736 1582 annus
758 1518 870 1602 equos)
1036 1529 1068 1581 00

104 1599 196 1666 Haec
252 1603 345 1667 erunt
366 1601 460 1665 olim:
482 1599 538 1665 sed
558 1603 595 1664 tu
616 1601 680 1665 iam
702 1601 804 1683 mitis,
827 1601 989 1686 Apollo‚‘

147 1685 300 1770 Prodigia
320 1683 484 1749 indomitis
505 1706 614 1769 merge
635 1685 695 1750 sub
717 1685 920 1768 aequoribus:
1033 1696 1067 1749 00

105 1767 150 1838 Et
171 1789 323 1834 succensa
345 1770 443 1834 sacris
467 1769 600 1852 crepitet
620 1767 701 1832 bene
723 1769 831 1832 laurea
850 1767 1000 1852 flammis,

7 1881 10 1888 ¹
149 1853 265 1918 Omine
286 1873 349 1950 quo
370 1852 448 1916 felix
470 1855 503 1916 et
524 1873 614 1916 sacer
635 1872 737 1916 ennias
760 1851 829 1915 erit.

106 1935 228 2001 Laurus
250 1935 412 2001 ub1bona
433 1935 525 2020 signa
546 1935 647 2018 dedit,
670 1934 805 2020 gaudete
828 1934 947 1999 coloni:

148 2019 320 2086 Distendet
340 2019 436 2104 spicis
457 2019 571 2084 horrea
613 2019 687 2084 lena
709 2017 818 2102 Ceres,

107 2104 235 2170 Oblitus
258 2107 291 2170 et
310 2106 416 2168 musto
437 2103 531 2168 feriet
551 2041 631 2187 pede
652 2103 789 2168 rusticus
810 2124 903 2186 uuas,
1036 2114 1070 2166 80

149 2188 247 2254 Delio
268 2187 344 2252 dum
364 2209 397 2252 m
462 2187 474 2251 i
495 2187 706 2271 deficiantque
726 2187 823 2252 locus.

107 2273 154 2338 At
175 2271 321 2336 madidus
343 2270 428 2336 Baoc
452 2292 471 2335 o
494 2293 551 2335 sua
571 2272 653 2336 festa
673 2271 788 2336 Palilia
808 2273 917 2354 pastor

151 2355 323 2422 Ooncinet:
350 2377 369 2419 a
390 2355 524 2419 stabulis
544 2357 623 2420 tunc
643 2354 756 2440 procul
777 2358 843 2418 este
865 2354 941 2438 lupi.

108 2439 166 2506 llle
188 2440 268 2506 levis
290 2439 425 2523 stipulae
447 2439 618 2504 sollemnes
639 2441 734 2523 potue
756 2459 885 2502 acervos

150 2523 331 2607 Accendet‚
353 2523 496 2587 flammas
517 2523 737 2607 transilietque
759 2543 882 2605 sacras,
1037 2533 1073 2587 00

108 2607 153 2674 Et
173 2609 258 2673 fetus
279 2609 426 2672 matrona
448 2606 549 2686 debit,
574 2609 730 2690 natusque
746 2607 877 2690 ¹parenti
953 2633 959 2688 ι,

152 2691 270 2758 Oscula
291 2690 475 2776 conprensis
497 2691 623 2756 auribus
645 2691 773 2776 eripiet,
957 2689 959 2706 *

109 2775 180 2843 Nec
201 2775 342 2840 taedebit
362 2797 456 2840 avum
478 2796 575 2858 parvo
599 2775 774 2860 advigilare
795 2775 906 2858 nepoti

151 2859 314 2944 Balbaque
337 2881 409 2924 cum
430 2880 528 2944 puero
551 2858 655 2923 dicere
677 2860 773 2924 verba
794 2881 911 2924 senem.
954 2933 957 2939 ¹

109 2941 202 3009 Tunc
224 2947 353 3028 operata
375 2943 433 3008 deo
455 2943 554 3027 pubes
577 2942 754 3007 discumbet
774 2943 809 3006 in
829 2941 942 3028 herbe,
1040 2954 1073 3006 00

152 3027 287 3092 Arboris
309 3029 457 3112 antiquae
479 3048 542 3174 qua
563 3026 642 3092 levis
663 3026 776 3091 umbra
797 3027 897 3110 cedit,

4 3127 9 3148 '
109 3112 179 3177 Aut
199 3133 217 3176 e
239 3114 326 3176 veste
348 3133 406 3176 sua
427 3114 482 3176 ten
505 3113 561 3174 ent
580 3109 765 3176 umbracula
786 3111 879 3174 sertis

152 3194 285 3279 Vincta,
309 3198 478 3260 coronatus
501 3195 599 3259 stabit
620 3199 652 3259 et
673 3198 746 3260 ante
769 3195 859 3257 calix.

110 3280 157 3346 At
179 3280 240 3344 sibi
283 3280 394 3362 uisque
416 3279 512 3363 depes
534 3281 567 3343 et
587 3279 685 3342 festas
708 3279 831 3342 extruet
852 3276 915 3340 alte

154 3362 275 3448 Oespiti
298 3385 336 3428 us
358 3385 483 3428 mensas
507 3362 739 3446 cespitibusque
760 3363 875 3426 torum.
1026 3373 1077 3426 100

108 3447 241 3596 queret
261 3447 316 3512 hic
337 3451 431 3531 potus
452 3445 575 3510 iuvenis
596 3445 765 3510 maledicta
785 3443 924 3532 puellae,
963 3487 966 3528 1

182 3534 232 3595 ost
252 3531 348 3596 modo
372 3552 451 3614 quae
472 3531 556 3595 votis
578 3529 668 3594 irrita
689 3529 775 3593 fecta
795 3529 887 3596 relitt
964 3544 968 3581 l

162 3635 287 3676 'smn-
908 3636 925 3686 e
