2628 4116
91 218 185 290 uxum
510 217 625 274 neue.
1000 207 1040 276 37

93 382 177 456 Quem
197 380 344 444 mulcent
365 399 473 462 auree,
495 379 601 443 firmet
623 379 686 464 eol,
708 379 823 444 edueei
842 378 943 444 imber

93 549 172 612 Multi
192 549 282 614 illum
304 548 410 631 pueri,
433 549 552 613 multae
574 569 593 611 0
615 551 722 613 iuvere
743 549 883 632 puelleet

92 631 167 698 Idem
188 654 259 698 eum
280 631 371 696 tenui
394 635 520 715 emptus
543 631 582 696 de
605 633 690 696 erint
710 634 826 718 ungui,

93 715 169 781 Nulli
188 717 279 782 illum
301 716 406 799 pueri,
429 716 536 780 nullae
558 719 706 800 optavere
726 717 865 800 puellae:

94 799 135 865 sie
148 802 234 886 virgo
242 849 251 882 ,
274 799 350 864 dum
364 800 486 864 intaeta
499 803 621 884 menet,
644 800 720 865 dum
734 821 808 866 eere
822 803 885 866 suis
902 805 964 886 esb3
1008 803 1040 863 εδ

94 883 303 950 encastum
325 881 433 948 amisii
453 885 577 968 pollute
601 905 734 968 corpore
754 885 881 966 florem,

93 967 150 1032 Nee
169 969 273 1053 pueris
296 967 434 1032 iocunda
455 972 577 1052 menei,
599 989 660 1032 nee
682 989 754 1032 eere
774 970 898 1052 puellis.
1008 989 1017 1010 ··

127 1077 248 1162 Hymen
262 1098 281 1143 o
296 1075 497 1162 Hymenaee,
511 1076 641 1161 Hymen
656 1077 732 1142 ades
747 1098 766 1141 ο
781 1076 979 1161 Hymenaee!

94 1220 131 1284 Vi
148 1221 239 1286 vidue
260 1221 296 1285 in
316 1220 403 1284 nudo
425 1221 500 1284 viiie
522 1241 603 1304 quae
624 1221 766 1285 naeeiiur
787 1241 862 1286 arvo

94 1303 259 1390 Numquam
271 1327 305 1370 ee
317 1303 451 1389 exiellib,
462 1325 635 1388 numquam
649 1305 760 1369 mitem
771 1305 994 1390 educaturum,
1007 1319 1040 1370 50

96 1387 146 1454 Sed
164 1393 307 1454 tenerum
327 1409 430 1486 prono
453 1387 622 1453 deflectens
644 1388 785 1473 pondere
806 1411 920 1475 eorpus

95 1471 151 1537 lem
170 1475 232 1538 iam
254 1473 415 1558 eentrngii
436 1494 594 1536 summum
615 1473 763 1540 redieefl
806 1475 915 1560 ellum3

94 1556 173 1622 Hane
193 1558 274 1622 nulli
296 1556 465 1642 agricolae,
488 1557 569 1620 nulli
592 1557 716 1622 coluere
738 1558 781 1622 bu
803 1559 882 1624 ulei:

94 1643 131 1704 Ae
149 1643 174 1706 ei
193 1643 277 1708 forte
299 1640 442 1705 eademst
462 1641 549 1706 ulmo
572 1642 741 1707 eoniuneie
761 1643 891 1725 menie,

94 1724 175 1790 Mum
195 1727 284 1791 illem
305 1726 478 1812 agricolae,
501 1725 594 1790 mulii
616 1726 740 1790 coluere
762 1726 905 1792 bubulci:
1007 1739 1039 1790 55

95 1808 137 1873 Sie
149 1811 236 1896 virgo
252 1810 329 1874 dum
343 1811 463 1874 intaeta
476 1813 593 1892 menei,
609 1809 684 1874 dum
698 1809 819 1874 ineu'lie
834 1811 983 1895 eeneeeib3

94 1892 167 1980 Cum
181 1917 239 1979 par
260 1893 433 1959 conubium
453 1897 577 1964 maturo
599 1896 743 1978 tempore
764 1893 925 1976 edepiest,

94 1975 163 2042 Cere
181 1980 249 2044 vire
271 1977 376 2062 magis
398 1981 431 2042 eb
451 1979 557 2042 minus
580 1979 629 2042 esi
650 1976 753 2042 invise
773 1977 907 2060 parenti.

127 2085 247 2171 Hymen
262 2109 280 2153 o
294 2087 485 2171 Hymenaee,
500 2087 628 2170 Hymen
643 2085 748 2152 adeso
763 2085 963 2172 Hymenaee!
985 2089 1039 2150 eeb

94 2232 131 2294 Ae
148 2233 181 2296 tu
200 2253 241 2297 ne
262 2253 374 2317 pugne
396 2251 467 2295 eum
488 2231 546 2295 eali
568 2211 704 2316 eoniuge
725 2231 825 2379 ‘'iffi''

94 2311 157 2379 Non
176 2319 343 2400 aequomsi
362 2336 520 2400 pugnare,
542 2318 634 2400 peter
655 2315 706 2379 eui
726 2317 777 2379 bre
802 2315 859 2379 ‘dib
879 2316 964 2400 ipse,
1008 2329 1041 2379 eo

94 2395 154 2480 Ipse
174 2405 358 2484 petereum
380 2403 498 2483 matre,
521 2399 634 2483 quibus
656 2421 766 2482 perere
787 2404 955 2464 necessest.
1099 2478 1102 2486 Ι

94 2479 255 2568 Virginibus
277 2506 345 2548 nen
365 2487 434 2548 iota
454 2487 558 2567 iuuet,
581 2505 619 2548 ex
641 2486 731 2567 perte
752 2486 966 2566 parentumst,

95 2562 187 2632 Tertia
206 2590 281 2653 pers
303 2569 431 2652 pebrist,
454 2589 527 2652 pers
549 2571 598 2632 est
618 2567 692 2631 data
712 2568 808 2632 teriia
826 2569 935 2650 mabri,

95 2645 187 2716 Tertia
208 2653 277 2717 sola
297 2655 400 2716 euasi:
423 2653 490 2716 noli
512 2673 654 2736 pugnare
677 2651 814 2735 duobus,

96 2729 144 2806 Qui
163 2757 281 2820 genero
305 2757 362 2800 sua
382 2737 453 2800 iure
475 2737 569 2800 simul
592 2756 664 2801 eum
685 2735 758 2800 dote
781 2735 942 2800 dedenmi.
1008 2749 1039 2798 ee

127 2841 249 2929 Hymen
263 2865 283 2909 ο
297 2844 497 2929 Hymenaee,
513 2844 641 2930 Hymen
656 2845 730 2910 edes
745 2866 764 2910 ο
779 2844 977 2931 Hymenaee!

495 3111 624 3185 LXIII.

96 3234 183 3323 Super
203 3243 268 3308 elta
288 3246 397 3309 veeius
419 3245 507 3308 Ares
529 3243 623 3307 celeri
644 3245 712 3306 rebe
733 3242 834 3306 merie

95 3317 255 3410 Phrygium
277 3333 314 3392 ut
333 3349 445 3392 nemus
468 3329 565 3392 cibabo
589 3326 701 3409 cupide
722 3325 802 3410 pede
823 3326 932 3412 tetigit

95 3403 232 3494 Adiitque
255 3431 370 3496 opaea,
394 3413 482 3476 silvis
503 3409 651 3474 redimite
672 3411 743 3475 loee
764 3410 855 3494 deae,

97 3488 268 3562 stimulatus
289 3496 336 3560 ibi
357 3495 476 3560 furenti
497 3495 601 3576 rabie,
623 3516 724 3582 vagus
746 3495 875 3578 animis,
