2630 4110
209 251 272 304 nv
579 239 794 297 PRAEFATIO.

209 413 284 472 dixit
297 407 509 470 Brambachius
530 426 581 484 pg.
600 409 669 467 101.
699 389 870 466 Accusatiui
889 408 1015 482 pluralis
1034 409 1067 468 in
1085 409 1111 468 is
1126 429 1177 468 ex-

208 497 307 555 euntis
323 493 458 569 exempla
471 493 531 550 nisi
545 491 662 566 quando
678 493 779 566 aperte
795 492 1073 551 commendarentur
1087 511 1175 554 sono-

115 597 118 604 ·
208 599 277 638 rum
296 579 363 654 lege
384 596 445 636 non
466 575 536 634 duxi
556 575 727 648 retinenda,
748 593 787 634 ne
800 575 959 635 trrrbareut
971 577 1072 652 potius
1086 579 1175 636 intel-

208 664 321 722 lectum
341 681 431 737 quam
444 661 596 734 iuvarent,
619 678 686 719 cum
701 661 878 735 praesertim
893 661 926 720 in
940 661 985 720 his
1001 663 1032 720 et
1045 663 1177 720 maxima

208 747 403 822 inaequalitas
424 748 455 804 et
474 745 597 803 minima
620 745 660 804 sit
683 743 756 804 fidas
781 745 1037 820 membranarum
1063 763 1119 805 nec
1143 747 1176 804 id

208 832 319 892 mirum
340 849 407 888 cum
427 827 614 906 grammatici
632 829 694 886 iam
711 847 728 886 a
743 829 859 888 saeculo
874 847 900 886 a.
918 827 986 888 Chr.
1001 831 1099 904 primo
1114 832 1174 888 ter-

209 915 387 974 minationes
408 931 492 973 casus
514 931 603 988 quem
618 912 678 971 dixi
692 928 753 971 non
767 931 822 987 pro
837 913 937 972 vlrido
952 915 1037 989 vulgi
1051 933 1108 974 usu
1122 918 1177 973 aut

209 1000 341 1074 antiquis
366 1001 397 1057 et
421 1015 482 1056 non
507 998 654 1072 corruptis
679 997 869 1072 ingeniorum
894 999 1095 1057 monumentis
1122 998 1176 1057 sed

209 1082 391 1144 scholasticis
412 1082 539 1157 argutiis
562 1083 593 1139 et
613 1099 649 1140 ex
664 1081 787 1140 arbitrio
802 1081 978 1156 plerumque
993 1081 1174 1141 definierint.

207 1166 271 1227 Hos
287 1167 312 1226 si
326 1165 491 1242 sequendos
506 1165 663 1237 duxissem,
676 1165 847 1240 praestabat
860 1165 979 1224 hercule
994 1166 1083 1225 scribi
1098 1167 1176 1225 sicut

208 1253 241 1310 in
255 1251 321 1310 edd.
337 1269 411 1311 saec.
426 1248 499 1308 XVI
513 1249 625 1307 factum
639 1251 748 1308 omneis
762 1251 868 1309 laisteis
876 1251 1003 1324 puppem
1017 1249 1135 1310 similia.

271 1335 315 1394 At
328 1336 493 1394 metrorum
506 1333 624 1410 legibus
635 1334 781 1392 stabilitas
793 1335 954 1409 scripturas
964 1337 1175 1409 praeterquam

208 1419 289 1496 quod
308 1419 418 1495 uquue
438 1417 514 1476 illud
534 1421 576 1477 est
595 1419 626 1476 et
645 1417 802 1492 aliquando
824 1435 853 1477 es
871 1418 983 1493 legitur
1002 1421 1175 1476 truncatum

210 1505 381 1562 exhibemus
392 1503 581 1579 potissimum
592 1501 653 1561 has.
677 1500 822 1561 Omnibus
837 1502 1022 1578 reposuimus
1033 1503 1105 1562 locis
1121 1503 1175 1560 illa

207 1591 320 1662 aequis,
335 1589 436 1660 siquos
453 1588 622 1660 canopos,
638 1591 818 1660 praetereas,
836 1591 977 1659 maceca
996 1589 1111 1656 interae,
1126 1589 1174 1645 io-

208 1679 299 1742 11136,
326 1671 448 1744 similia,
472 1671 517 1729 do⁴
529 1671 636 1746 quibus
656 1671 783 1730 diximus
802 1670 872 1728 libri
891 1671 987 1729 nostri
1006 1688 1077 1746 pgg.
1100 1671 1173 1743 371,

209 1757 281 1816 372.
311 1755 470 1814 Praeterea
488 1753 519 1813 id
539 1755 618 1835 quod
639 1757 685 1814 est
700 1757 779 1828 potis
799 1773 865 1813 sum
885 1756 980 1814 tutius
1000 1755 1099 1814 visum
1113 1773 1173 1812 uuo

207 1841 354 1900 uocabulo
369 1839 469 1898 efferri
484 1857 572 1915 quam
587 1839 712 1898 duobus.
742 1839 812 1897 Alia
826 1840 926 1897 autem
941 1838 1085 1914 quaedam
1100 1838 1173 1898 Ievi-

209 1925 273 1983 cula
283 1923 370 1982 facile
384 1924 442 1998 ipsi
457 1923 641 1998 deprenderit
653 1923 790 1983 lectores.

273 2009 332 2067 Sed
345 2008 467 2067 tandem
481 2007 640 2083 aliquando
655 2008 693 2064 ad
707 2009 773 2083 ipsa
787 2005 901 2066 Valerii
914 2008 1007 2068 verba
1020 2006 1174 2082 pervenia-

207 2111 284 2152 mus.

274 2178 353 2250 1,1.
383 2179 452 2250 quoi
468 2197 507 2250 v,
530 2173 636 2250 quill,
657 2177 706 2235 coi
726 2175 839 2234 Auson.
862 2192 933 2250 pgg.
957 2176 1026 2233 189.
1043 2176 1104 2234 332
1126 2174 1173 2234 ed.

206 2261 274 2336 Bip.
297 2257 352 2338 (ita
372 2261 462 2319 etiam
476 2261 639 2320 Vossianus
660 2255 749 2335 liber)
773 2261 803 2316 et
822 2258 954 2318 Isidorus
975 2257 1033 2331 VI,
1058 2259 1112 2334 12,
1135 2259 1174 2337 33
1256 2297 1262 2311 ,

209 2348 346 2404 ceterum
360 2345 392 2402 in
406 2345 538 2404 eiusdem
554 2343 706 2402 Guelferb.
722 2346 768 2402 est
782 2360 854 2401 coco
869 2343 968 2402 libello.

271 2429 312 2487 ib.
329 2429 357 2486 2.
381 2430 467 2489 arido
481 2429 564 2488 alodo
574 2429 690 2500 pumice
706 2428 868 2500 expolitum.

270 2513 307 2572 In
329 2511 439 2572 Catulli
458 2513 543 2572 libris
564 2513 611 2571 est
630 2511 706 2570 illud
726 2512 808 2570 arido
829 2513 917 2587 atque
935 2513 979 2570 ita
999 2513 1175 2586 omnesqui

208 2599 336 2656 afferunt
358 2597 437 2656 hunc
461 2615 582 2656 versum
602 2596 803 2670 grammatici,
825 2597 930 2668 etiam,
960 2596 985 2654 si
1004 2594 1193 2655 Gaisfordio-

207 2681 290 2756 fides,
306 2681 419 2742 Atilius
434 2700 484 2757 pg.
502 2681 593 2752 2616,
610 2682 732 2755 excepto
748 2679 827 2754 quod
841 2681 873 2738 in
887 2679 996 2739 Isidori
1012 2679 1075 2738 cod.
1090 2679 1173 2738 Pari-

207 2768 273 2826 sino
295 2767 376 2826 7582
397 2768 467 2841 post
486 2783 502 2824 o
522 2764 649 2822 habetur
667 2783 785 2836 rasura,
808 2765 842 2822 ut
861 2765 957 2838 possit
975 2763 1070 2822 videri
1089 2763 1174 2838 prius

206 2851 299 2910 fuisse
320 2869 348 2910 a.
381 2850 440 2909 Sed
461 2849 583 2908 Servius
605 2848 642 2906 ad
662 2867 726 2906 aen.
742 2847 814 2921 XII,
833 2850 893 2908 587
915 2847 1041 2920 adserit,
1064 2847 1174 2906 dixisse

208 2933 360 2994 Catullum
374 2933 523 3010 pumicem
543 2951 652 3008 genere
668 2933 825 3006 feminino,
848 2932 938 3007 idque
953 2949 1057 2991 verum
1077 2931 1175 2990 iudica
1218 2973 1222 2983 .

206 3021 362 3096 euphonia.

270 3105 311 3162 ib.
335 3105 364 3162 9.
399 3101 587 3162 Schwabium
612 3101 706 3160 secuti
732 3102 919 3176 reposuimus
944 3101 976 3159 id
999 3099 1080 3175 quod
1105 3103 1174 3159 ante

206 3187 431 3247 Lachmannum
446 3187 600 3246 ferebatur
611 3187 814 3259 qualecumque
826 3187 901 3258 qaod
915 3203 931 3244 o
941 3191 1070 3259 patrono
1083 3185 1174 3260 sirpo,

208 3272 309 3330 addito
324 3289 355 3340 o,
376 3270 456 3345 quod
479 3271 564 3329 abest
578 3289 595 3328 a
609 3270 704 3330 libris.
736 3269 781 3329 Of.
799 3272 849 3344 61,
868 3271 945 3344 1173
966 3270 1061 3346 priap.
1077 3269 1127 3340 84,
1145 3271 1174 3327 2.

208 3357 259 3428 85,
278 3358 305 3412 1.
335 3353 451 3429 Nempe
466 3353 687 3430 Lachmannus,
709 3355 760 3431 qui
775 3357 805 3414 et
819 3357 888 3431 post
902 3357 1040 3414 octavum
1055 3371 1177 3412 versum

208 3441 240 3496 ct
259 3439 327 3514 post
346 3438 478 3498 medium
498 3459 611 3499 nouum
632 3441 768 3498 lacunam
784 3440 885 3500 adesse
901 3441 959 3499 sibi
973 3437 1121 3515 persuasit
1141 3456 1178 3495 aa

204 3522 400 3598 ¹potissimum
420 3541 453 3584 re
474 3525 635 3602 perductus
657 3524 694 3582 ad
707 3525 783 3582 hanc
798 3524 977 3584 seutentiam
991 3523 1111 3582 ridetur
1126 3521 1176 3580 de-
