2636 4146
91 202 152 271 111]
470 205 577 258 arnan
598 205 632 261 v.

133 363 230 427 Lucis
253 365 286 428 et
307 367 452 428 auctores
473 387 540 431 non
562 365 637 430 dare
659 387 786 430 carmen
809 389 892 434 aves.

93 448 251 513 Noctibus
272 447 416 512 hibernis
438 450 612 514 castrensia
631 471 731 532 pensa
752 451 863 516 laboro

31 551 32 558 ¹
134 531 179 595 Et
200 531 297 615 Tyria
317 531 352 596 in
373 531 480 596 radios
502 533 620 598 vellera
641 537 727 598 11111
749 555 833 617 suos,

92 615 136 680 Et
157 615 261 698 disco,
284 637 347 699 qua
368 619 460 699 parte
481 616 560 681 fluat
580 618 753 682 vincendus
775 619 913 696 Araxes,
1024 632 1057 681 35

32 739 33 744 κ
136 699 223 774 Quot
244 699 314 763 sine
336 721 418 784 aqua
438 699 577 765 Parthus
604 702 693 766 milia
714 707 820 766 currat
841 725 949 786 equuS,

31 801 32 830 1
93 785 138 850 Co
164 805 201 846 or
223 787 256 848 et
277 804 294 846 e
316 784 426 848 tabula
446 785 550 867 pictos
573 785 712 850 ediscere
733 787 882 870 mundos,

31 939 32 942 Ἴ
136 807 244 942 dualis
267 867 398 931 ethaeo
420 867 506 932 docti
528 869 571 934 sit
591 870 736 954 positura
757 871 821 954 dei,

93 951 180 1027 Quae
201 952 296 1015 tellus
319 952 362 1015 sit
382 951 470 1016 lenta
490 953 582 1037 gelu,
612 975 693 1038 quae
714 956 816 1038 putris
839 955 879 1020 ab
901 958 1000 1038 aestu,

31 1045 32 1086 ἐ
136 1036 260 1099 Ventus
281 1035 316 1098 111
337 1034 463 1099 Italiam
485 1037 540 1120 qui
561 1037 642 1101 bene
663 1037 734 1102 vela
754 1039 846 1103 ferat.
1023 1053 1056 1100 40

31 1115 33 1140 l
93 1119 230 1185 Adsidet
250 1140 315 1182 una
337 1139 437 1202 soror,
462 1121 544 1184 curis
566 1123 599 1184 et
619 1121 737 1205 pallida
757 1124 864 1187 nutrix

136 1203 263 1268 Peierat
282 1201 408 1267 hiberni
429 1205 583 1288 temporis
605 1227 674 1270 esse
695 1227 811 1270 moras.

93 1287 183 1352 Felix
205 1286 395 1370 Hippolyte!
424 1288 510 1352 nuda
532 1289 607 1353 tulit
628 1311 715 1354 arma
735 1291 856 1374 papilla

136 1370 181 1434 Et
201 1372 283 1434 texit
304 1371 397 1468 galea
417 1371 553 1438 barbara
574 1373 671 1438 molle
694 1379 796 1458 caput.

94 1455 248 1526 Romanis
270 1457 393 1519 utinam
414 1457 593 1540 patuissent
615 1461 718 1522 castra
738 1459 869 1543 puellisl
1024 1472 1056 1521 15

137 1538 253 1602 Essem
273 1539 407 1603 militiae
430 1540 554 1606 sarcina
574 1541 638 1605 fida
658 1545 747 1626 tuae,

93 1623 163 1688 Nec
184 1645 236 1686 me
257 1621 421 1687 tardarent
442 1623 592 1706 Scythiae
613 1625 697 1710 iuga,
720 1648 791 1691 cum
812 1631 904 1710 pater
925 1627 1004 1692 altas

138 1706 289 1771 Aetheris
310 1707 345 1770 in
366 1707 501 1791 glaciem
523 1709 643 1793 frigore
664 1711 766 1774 nectit
786 1732 893 1794 aquas.

95 1791 209 1856 Omnis
224 1791 313 1854 111101
326 1813 478 1876 magnus,
502 1791 557 1856 sed
572 1795 682 1876 aperto
697 1792 732 1856 in
748 1795 884 1878 coniuge
898 1795 1014 1858 maior:

137 1875 232 1939 Hanc
253 1875 377 1958 Venus,
400 1878 437 1940 ut
456 1876 558 1958 vivat,
581 1877 716 1940 ventilat
736 1877 807 1961 ipsa
828 1877 941 1942 facem.
1021 1893 1054 1941 50

96 1959 179 2024 Nam
202 1958 282 2022 mihi
303 1958 389 2042 quo?
411 1959 527 2024 Poenis
548 1959 608 2024 tihi
628 1981 769 2044 pmpura
783 1961 907 2047 fulgeat
921 1962 1015 2026 ostris

138 2042 375 2126 crystallusque
396 2065 483 2107 meas
511 2047 604 2108 ornet
630 2065 748 2128 aquosa
769 2067 891 2111 manus.

96 2127 212 2193 Omnia
233 2127 328 2191 surda
349 2130 457 2192 tacent
462 2177 471 2210 ‚
494 2128 634 2212 rarisque
657 2129 787 2194 adsueta
807 2129 952 2195 kalendis

138 2211 201 2274 Vix
224 2209 327 2296 aperit
349 2210 472 2276 clausos
493 2233 558 2276 una
577 2213 685 2298 puella
706 2215 797 2298 lares,

96 2294 267 2361 Glaucidos
290 2297 322 2359 et
336 2295 458 2360 catulae
472 2317 534 2361 vox
556 2301 606 2361 est
625 2297 704 2361 mihi
719 2305 810 2384 grata
825 2300 1002 2384 querentis:
1024 2311 1058 2362 55

137 2379 200 2443 Illa
218 2378 266 2442 tui
286 2382 410 2462 partem
434 2379 573 2444 vindicat
592 2401 657 2444 una
677 2384 758 2446 toro.

95 2463 189 2527 Flore
212 2463 330 2526 sacella
351 2466 445 2548 tego,
467 2463 614 2528 verbenis
638 2466 777 2548 compita
797 2468 883 2550 velo,

136 2546 182 2611 Et
202 2549 311 2630 crepat
330 2546 371 2610 ad
392 2550 513 2612 veteres
534 2547 635 2613 herba
657 2547 775 2614 Sabina
794 2551 893 2616 focos.

95 2631 169 2696 Sive
190 2631 226 2694 in
246 2631 384 2695 finitimo
407 2632 529 2717 gemuit
551 2636 640 2697 stans
663 2637 780 2699 noctua
801 2636 904 2722 tigno,

139 2713 201 2780 Seu
223 2715 324 2778 voluit
344 2717 436 2800 tangi
480 2739 554 2784 1111
574 2718 704 2782 lucerna
724 2741 827 2804 mero,
1024 2734 1057 2782 oo

32 2815 33 2882 1
94 2799 156 2864 1111
177 2799 244 2862 dies
265 2797 376 2864 hornis
399 2739 526 2864 caedem
549 2801 715 2866 denuntiat
736 2805 844 2888 agnis,

32 2893 33 2964 l
138 2881 361 2966 Suocinctique
384 2884 490 2948 calent
512 2883 551 2947 ad
573 2905 657 2948 nova
678 2885 766 2950 lucra
810 2909 898 2971 opae.
987 2925 992 2934 ·

92 2965 159 3050 Ne,
182 2989 304 3052 precor,
327 2968 466 3032 ascensis
487 2968 571 3032 tanti
592 2968 635 3032 sit
655 2967 759 3052 gloria
779 2910 912 3055 dactris²

136 3050 279 3200 Raptare
302 3051 435 3116 odorato
459 3052 589 3116 carbasa
609 3052 677 3116 lina
698 3052 770 3118 duci

33 3105 35 3220 1
92 3136 187 3200 Ρ11111
211 3156 342 3200 cacum
363 3139 465 3201 tortae
488 3139 681 3222 sparguntur
702 3103 844 3220 pondera
864 3139 990 3223 fiindae,
1024 3153 1056 3202 65

33 3221 35 3258 ³
137 3219 297 3284 Subdolus
320 3223 353 3284 et
372 3221 472 3285 versis
494 3222 640 3304 increpat
661 3242 752 3286 arcus
776 3223 874 3306 equis.

92 3303 155 3369 Sed
179 3305 249 3388 (tua
270 3304 316 3368 sio
338 3304 467 3369 domitis
489 3304 626 3369 Parthae
647 3305 770 3370 telluris
793 3307 930 3374 alumnis

134 3387 220 3452 Pura
240 3387 472 3471 triumphantes
493 3387 586 3454 hasta
607 3391 757 3472 sequatur
777 3394 890 3479 equos)
980 3448 981 3452 ,

90 3474 284 3556 incorrupta
305 3473 368 3537 mei
391 3475 543 3537 conserva
564 3472 693 3539 foedera
714 3473 798 3540 lect'.
