2598 4136
65 350 67 355 .
86 265 193 336 mm]
470 261 636 322 nmmum
972 260 1029 326 101

87 427 140 492 liu
159 447 267 492 caveas
289 445 440 574 poenam,
462 425 538 490 licei
558 425 724 512 indignere
746 425 924 511 ‘ferumque

119 511 246 595 Propter
267 516 356 574 cus’
379 508 464 574 dicas
489 508 568 574 ‘hoe
589 509 691 595 ego?’
721 514 850 596 propter
871 511 952 576 olus.

475 655 625 666 ———..-.

490 753 601 831 XXV.

85 879 144 944 Hoc
164 881 339 964 sceptrum,
361 878 446 976 quod
468 877 509 942 ab
530 877 642 944 arbore
664 882 701 943 ub
721 881 903 966 recisumsb,

85 962 169 1030 Nulla
189 963 255 1030 iam
276 965 395 1046 potent
415 961 517 1026 virere
537 961 667 1045 fronde,

85 1045 251 1131 Scepirum,
273 1045 359 1129 quod
368 1044 524 1130 pathicus
543 1049 659 1130 petunt
679 1047 817 1132 puellae,

85 1129 163 1204 Quod
184 1129 314 1216 quidam
335 1129 468 1213 cupiunt
488 1132 597 1194 tenere
618 1150 725 1214 reges,

85 1211 232 1279 cudant
253 1211 362 1278 oscula
380 1212 506 1278 nobiles
529 1211 666 1296 cinaedi,

85 1296 161 1362 lubra
180 1299 303 1364 viscera
323 1296 402 1362 furis
423 1296 485 1361 ibib
504 1317 542 1362 us
564 1319 604 1362 ue

84 1382 126 1445 Ad
144 1383 260 1466 pubem
282 1381 490 1466 capulumque
512 1317 683 1448 celebrum.

473 1527 626 1538 ——n—

488 1627 617 1703 XXVI.

83 1748 169 1816 Porro
192 1751 283 1837 (nam
304 1750 375 1834 quis
397 1749 459 1815 crib
478 1749 627 1832 modusi)
650 1749 805 1838 Quirites,

83 1835 140 1898 Aul
179 1833 331 1899 succidite
353 1833 505 1899 seminale
526 1833 718 1917 membrum,

85 1917 143 1992 Quo
184 1917 264 1983 bobis
285 1916 365 1983 mihi
384 1917 533 1983 nocbibus
555 1917 694 2004 subigant

82 1999 202 2067 Vicinae
225 2001 295 2067 sine
315 2001 378 2066 fine
399 2002 593 2086 prurientes,

82 2083 185 2150 Vernis
206 2085 388 2170 passeribus
411 2086 594 2169 salaciorcs,
1016 2100 1033 2152 u

81 2169 139 2234 lut
157 2191 289 2267 rumpat
308 2207 352 2218 -—
372 2191 432 2234 nec
453 2168 611 2234 habebibis
633 2169 793 2256 Priapum.

81 2251 94 2314 l
114 2253 140 2318 si
160 2253 306 2338 cermbis,
331 2253 489 2319 ecfububus
510 2256 547 2318 ub
567 2255 629 2320 sim

83 2275 245 2404 blrnfecbus
267 2359 307 2402 ue
327 2359 494 2422 mucerque
515 2337 729 2422 pallidasque,

84 2419 136 2495 Qui
155 2443 244 2507 quon
337 2421 431 2486 ruber
452 2424 485 2486 el
505 2422 617 2508 vigens
639 2421 781 2488 solebam

81 2502 168 2572 Fures
191 2505 335 2571 scindere
356 2505 532 2590 quamlibet
551 2506 703 2572 valenles.
960 2515 962 2523 '
1001 2519 1035 2572 10
1163 2569 1169 2582 ,

82 2585 198 2656 Defecit
219 2590 303 2655 labus
326 2591 358 2654 eb
377 2589 588 2674 periculosam

84 2669 155 2738 Cum
175 2672 258 2740 inssi
278 2673 375 2738 miser
397 2694 515 2758 exspuo
538 2675 678 2740 salivam.

475 2920 622 2996 XXVII.

80 3036 214 3108 Deliciae
235 3043 362 3128 populi,
383 3065 416 3108 m
483 3065 502 3108 0
520 3043 688 3109 nobissima
709 3043 802 3110 Circo

117 3124 260 3210 Quintia,
282 3127 420 3192 vibratas
464 3130 536 3194 octa
556 3150 684 3194 movere
703 3131 810 3210 nates,

81 3205 228 3290 Cymbala
250 3232 321 3276 eum
344 3211 487 3296 crotalis,
508 3212 683 3298 pruriginis
707 3231 810 3293 erma,
833 3205 950 3295 Priapo

114 3291 211 3358 Ponit
231 3297 264 3359 ei
286 3294 420 3360 adducba
441 3297 594 3443 lympana
614 3295 707 3382 pulsa
726 3315 832 3360 manu.

78 3372 133 3441 Pro
155 3377 272 3463 quibus
293 3381 330 3444 ub
351 3400 477 3464 semper
496 3381 622 3463 paceab
642 3378 859 3464 specbanbibus
882 3383 953 3444 crab
1018 3388 1035 3439 u

112 3459 278 3546 Tantaque
301 3462 341 3526 ad
363 3461 543 3547 exemplum
565 3463 608 3528 sic
629 3484 687 3529 sua
706 3463 801 3528 burba
822 3462 882 3530 dei.

475 3601 627 3613 ...—
