2636 4146
225 203 268 268 60
605 205 799 263 1110111111
1077 207 1206 278 [xxxi.

288 369 387 434 Nulla
405 371 513 432 tamen
535 369 617 434 lecto
640 368 753 451 recipit
774 388 808 432 se
830 367 899 430 sola
920 366 1068 432 libenter:

232 475 236 481 ·
331 453 391 518 Est
413 452 578 536 quiddam,
600 451 687 535 quod
708 472 765 516 101
786 471 936 534 quaerere
959 453 1054 534 cogat
1077 451 1200 520 Amor.

290 535 421 621 Semper
443 537 477 602 in
498 536 646 600 absentes
669 535 793 600 felicior
815 537 919 599 aestus
942 537 1103 599 amantes:

330 619 446 686 Elevat
466 619 615 694 adsiduos
638 619 729 704 copia
755 619 852 702 longa
874 619 968 683 viros.

515 833 657 906 xxxa
684 832 895 926 [11111111.

288 955 354 1022 Cur
368 958 535 1040 quisquam
549 955 663 1020 faciem
678 955 825 1020 dominae
839 955 903 1018 iam
919 955 1018 1020 credit
1033 955 1165 1020 arnico?

331 1039 383 1106 Sic
405 1045 513 1124 crepta
534 1039 613 1102 mihi
634 1061 735 1123 paene
757 1039 862 1123 puella
883 1041 993 1104 meast.
1108 1054 1129 1110 ,“

287 1125 337 1190 Ex
361 1127 446 1190 entus
469 1124 556 1207 dico,
579 1127 706 1188 nemost
727 1123 761 1186 in
783 1143 891 1187 amore
912 1121 1030 1188 fidelis:

329 1147 517 1274 liormosam
538 1229 610 1273 raro
632 1205 782 1272 nonsibi
804 1207 936 1291 quisque
958 1207 1048 1291 petit.

259 1292 411 1358 sPolluit
431 1292 486 1358 ille
508 1291 585 1357 deus
607 1293 778 1377 cognatos,
801 1291 897 1355 solvit
918 1291 1050 1374 amieos,

330 1373 375 1440 Et
395 1377 476 1440 bene
498 1375 670 1442 concordes
691 1375 796 1440 tristia
816 1375 856 1439 ad
878 1396 966 1439 arma
986 1378 1089 1438 vocat.

287 1461 367 1526 Tros
390 1463 422 1524 11
442 1460 478 1522 in
499 1458 674 1544 hospitimn
695 1458 842 1523 Menelao
864 1459 953 1524 venit
978 1458 1116 1524 adulter:

330 1541 459 1609 Colchis
481 1545 514 1607 et
534 1543 680 1628 ignotum
701 1563 809 1607 nonne
831 1546 939 1608 secuta
959 1541 1116 1607 virumst?

287 1627 430 1711 Lyncea,
452 1629 529 1690 tune
550 1647 654 1690 meam
674 1626 822 1710 potuisti,
845 1626 978 1710 perfide,
1002 1642 1109 1690 curam

240 1725 271 1774 10
327 1709 494 1796 Tangere?
516 1731 624 1776 nonne
645 1713 719 1775 tuae
740 1713 810 1776 tum
833 1711 973 1788 cecidere
995 1711 1132 1774 manus?

288 1795 372 1872 Quid
393 1797 509 1860 sinon
530 1799 679 1862 constans
701 1795 757 1860 illa
778 1798 897 1860 ettam
920 1796 1006 1860 certa
1027 1793 1165 1859 fuisset?

329 1879 443 1944 Posses
466 1880 501 1943 in
522 1882 612 1944 tanto
635 1879 782 1944 viverefl
828 1879 904 1943 tio?

288 1963 337 2028 'lu
358 1963 438 2028 mihi
459 1964 510 2028 vel
530 1964 615 2028 ferro
638 1966 747 2048 pectus
769 1985 807 2028 ve
840 1963 937 2047 perde
959 1983 1097 2028 veneno:

329 2049 360 2112 A
382 2047 511 2112 domina
530 2049 657 2112 tantum
677 2050 709 2112 te
731 2047 826 2112 modo
848 2047 926 2112 tolle
951 2069 1029 2112 mea.

187 2183 190 2190 .
239 2145 270 2192 15
285 2131 330 2196 Te
353 2132 474 2196 socium
495 2131 593 2214 vitae,
616 2134 648 2194 11
670 2131 812 2216 corporis
835 2153 902 2196 esse
925 2131 1047 2213 licebit,

329 2214 374 2279 Te
396 2214 560 2278 dominum
582 2214 716 2280 admitto
738 2216 845 2298 rebus,
868 2216 984 2298 amice,
1005 2216 1100 2280 meist

286 2299 383 2363 Lecto
405 2301 438 2362 te
460 2299 579 2382 solum,
602 2299 684 2363 lecto
706 2301 739 2364 11
761 2299 914 2384 deprecor
935 2321 1014 2364 uno:

327 2381 472 2447 Rivalem
494 2403 625 2467 possum
646 2404 713 2448 non
735 2405 752 2448 e
775 2405 794 2447 o
817 2383 900 2448 ferre
922 2383 1039 2448 Iovem.

286 2465 360 2550 Ipse
380 2487 466 2531 meas
489 2467 590 2551 solus,
613 2467 698 2551 quod
719 2405 775 2532 nii
789 2471 851 2550 est,
875 2467 1016 2534 aemulor
1038 2469 1189 2556 umbras,

235 2563 252 2612 a
327 2549 463 2634 Stultus,
487 2551 572 2634 quod
592 2551 681 2616 nullo
704 2573 797 2636 saepe
818 2552 932 2616 timore
954 2555 1064 2617 tremo.

286 2633 359 2700 Vna
379 2637 488 2716 tamen
509 2637 649 2718 eausast,
672 2657 727 2700 cur
750 2635 884 2700 crimina
904 2639 996 2700 tanta
1015 2635 1164 2722 remitto,

327 2718 488 2782 Errabant
508 2719 608 2782 multo
631 2719 715 2802 quod
737 2723 793 2784 tua
813 2720 909 2786 verba
930 2741 1027 2785 mero.

286 2801 348 2866 Sed
369 2823 543 2886 numquam
564 2803 647 2867 vitae
669 2803 760 2868 fallet
780 2825 832 2868 me
852 2825 933 2889 ruga
955 2820 1097 2868 severae:

328 2885 447 2952 Omnes
469 2887 533 2951 iam
553 2889 685 2970 norunt,
709 2909 805 2971 quam
827 2888 870 2952 sit
890 2909 995 2952 amare
1017 2888 1149 2954 bonum.

236 2983 268 3032 ac
283 2969 429 3053 Lynceus
452 2969 521 3055 ipse
542 2992 631 3035 meus
653 2993 740 3036 seros
762 2973 883 3036 insanit
904 2993 1037 3036 amores.

327 3054 438 3120 Solum
459 3058 491 3120 te
512 3057 640 3118 nostros
661 3055 762 3119 laetor
784 3055 871 3120 adire
894 3055 978 3120 11101.

285 3139 370 3214 Quid
390 3142 446 3214 tua
468 3137 638 3204 Socraticis
660 3139 721 3203 tibi
741 3161 828 3204 nunc
850 3140 1007 3226 sapientia
1028 3139 1118 3203 libris

326 3223 473 3288 Proderit
494 3226 549 3288 aut
570 3244 675 3288 rerum
697 3223 800 3288 dicere
821 3245 915 3308 posse
937 3223 1028 3288 vias?

284 3307 351 3370 Aut
373 3307 449 3390 quid
471 3327 529 3390 epe
553 3305 625 3372 Chii
646 3306 707 3371 tibi
728 3311 864 3392 prosunt
879 3308 1019 3372 carmina
1033 3307 1141 3372 lecta?

235 3402 269 3452 30
324 3389 381 3455 Nil
402 3391 490 3454 iuvat
510 3391 546 3454 in
567 3412 684 3476 magno
706 3392 810 3456 vester
831 3413 938 3456 amore
960 3413 1065 3456 senex.

284 3472 333 3538 'l'u
355 3473 453 3540 satius
476 3495 648 3538 memorem
671 3475 758 3540 lusus
780 3475 904 3541 imitere
926 3474 1075 3540 Philetau
1123 3553 1129 3558 .
