2628 4116
243 231 287 292 44
355 191 358 202 ,‚
651 229 803 288 1111111
1087 229 1218 299 [nima
1302 209 1303 212 ‘

351 393 476 460 ‘Sicine
498 415 549 457 me
571 393 683 477 patriis
706 394 864 474 avectam,
886 390 1020 474 perfide,
1043 391 1084 454 ab
1106 392 1193 476 oris,

308 479 445 562 Perfide,
468 478 592 542 deserto
615 476 738 560 liquisti
758 477 793 538 in
814 476 907 539 litore
913 525 926 558 ,s
944 474 1099 540 Theseu‘d'

309 562 415 628 Sicine
437 561 600 626 discedens
621 561 769 644 neglecto
791 559 921 622 numine
944 559 1050 624 divom

247 659 295 708 135
306 646 468 710 Inmemor
489 667 522 730 a,
545 645 658 708 devota
680 643 809 708 domum
824 643 969 790 periuria
989 643 1123 726 portas?

308 730 448 796 Nullane
468 751 519 793 res
541 728 647 812 potuit
668 727 803 792 crudelis
848 729 951 790 ectere
972 727 1089 792 mentis

310 812 509 879 Consilium?
532 813 592 876 tibi
613 811 702 875 nulla
722 811 784 876 fuit
805 811 974 875 clementia
993 813 1138 894 praesto,

308 897 425 962 Inmite
447 900 483 962 ut
503 896 605 960 nostri
627 895 723 960 vellet
743 895 946 958 miserescere
968 895 1101 978 pectus?

309 983 355 1045 At
375 1003 442 1046 non
462 981 540 1045 haec
563 979 722 1064 quondam
743 979 837 1042 nobis
858 978 1015 1062 promissa
1035 979 1168 1062 dedisti,
1222 1007 1228 1061 ¹.

154 1083 157 1088 ’
247 1079 296 1130 140
306 1065 413 1130 Vane:
435 1065 513 1129 mihi
533 1085 601 1128 non
623 1062 703 1128 haec
723 1063 856 1128 miserae
879 1085 1005 1146 sperare
1026 1063 1175 1148 iubebas,
1226 1068 1229 1113 ῐ

309 1149 371 1216 Sed
393 1149 530 1214 conubia
552 1149 650 1231 laeta,
673 1145 729 1210 sed
751 1149 878 1230 optatos
900 1146 1108 1229 hymenaeos:
1229 1209 1230 1218 ,

281 1224 397 1332 ssQnae
420 1236 533 1298 cuncta
555 1232 632 1296 aerii
654 1231 838 1314 discerpunt
858 1231 948 1300 irrita
969 1232 1064 1296 venti.

308 1317 377 1382 Iam
398 1317 462 1380 iam
483 1316 572 1380 nulla
593 1315 661 1379 viro
683 1315 802 1378 iuranti
823 1315 942 1378 femina
964 1315 1085 1398 credat,

308 1401 408 1468 Nulla
428 1400 495 1464 riri
509 1402 615 1483 speret
636 1419 798 1464 sermones
820 1419 889 1463 esse
909 1399 1033 1483 fideles3

149 1489 157 1496 “
246 1495 294 1546 145
308 1484 386 1561 Quis
401 1484 476 1548 dum
491 1483 611 1566 aliquid
626 1483 755 1566 cupiens
771 1483 894 1547 animus
909 1483 1084 1568 praegestit
1099 1485 1212 1570 apisci,

308 1569 365 1634 Nil
386 1569 533 1632 metuunt
553 1569 671 1650 iurare,
692 1567 775 1630 nihil
796 1567 981 1650 promittere
1003 1571 1153 1650 parcunt:

310 1651 373 1717 Sed
395 1652 527 1716 simulac
549 1649 681 1734 cupidae
702 1653 819 1714 mentis
842 1651 957 1715 satiata
978 1649 1124 1735 libidost'‚

307 1735 403 1800 Dicta
424 1735 506 1800 nihil
527 1735 715 1817 meminere,
736 1733 818 1798 nihil
838 1735 977 1819 periuria
998 1739 1120 1799 curant.
1157 1735 1160 1740 ’
1238 1773 1243 1786 ·

311 1819 405 1885 Certe
428 1841 488 1905 ego
510 1823 542 1884 11
564 1819 599 1882 in
620 1819 724 1883 medio
746 1822 925 1884 versantem
947 1820 1074 1884 turbine
1096 1821 1153 1884 leti

247 1903 435 1988 150Eripui‚
459 1907 491 1968 et
511 1905 618 1987 potius
640 1925 827 1988 germanum
849 1903 995 1968 amittere
1017 1905 1116 1987 crevi,

308 1988 411 2064 Quam
431 1987 492 2052 tibi
513 1987 619 2052 fallaci
641 2009 789 2071 supremo
811 1987 1010 2070 intempore
1032 1987 1166 2056 dessem.

308 2072 370 2136 Pro
394 2093 456 2154 quo
480 2071 680 2136 dilaceranda
700 2071 776 2136 feris
799 2071 898 2135 dabor
920 2071 1110 2156 alitibusque

308 2155 444 2237 Praeda,
467 2176 570 2240 neque
591 2155 709 2220 iniecta
729 2155 911 2220 tumulabor
932 2159 1058 2220 mortua
1078 2159 1173 2222 terra.

229 2275 232 2304 ι
307 2238 471 2314 Quaenam
492 2241 524 2303 te
546 2240 658 2324 genuit
678 2239 747 2304 sola
769 2239 827 2303 sub
848 2261 927 2323 rupe
948 2239 1081 2304 leaena?
1142 2283 1145 2289 ι

72 2381 76 2389 ,
143 2399 147 2406 ι
171 2404 173 2408 ¹
199 2393 202 2401 q
227 2333 232 2401 j
245 2336 294 2385 155
307 2322 398 2399 Quod
419 2345 506 2386 111111
529 2326 717 2406 conceptum
733 2325 953 2406 spumantibus
968 2325 1078 2408 expuit
1091 2324 1210 2396 undis?

83 2419 84 2428 ’
309 2407 397 2482 Quae
420 2405 537 2491 Syrtis,
560 2429 640 2492 quae
656 2406 763 2490 Scylla
783 2429 1000 2556 rapaxssdquqe
1021 2407 1211 2480 111110111-

414 2533 417 2539 1
633 2523 638 2538 ·
931 2514 958 2556 is

228 2579 231 2611 ἕ
307 2575 399 2639 Talia
420 2575 473 2659 qui
494 2575 600 2640 reddis
621 2597 679 2658 pro
702 2575 787 2640 dulei
808 2513 951 2659 prttmia
972 2577 1047 2641 1111.

308 2657 343 2724 Si
363 2659 423 2724 tibi
444 2681 512 2724 non
533 2659 621 2724 cordi
642 2657 769 2723 fuerant
790 2660 927 2724 conubia
948 2665 1074 2743 nostra,

308 2741 408 2808 Saeva
430 2743 515 2826 quod
535 2743 688 2807 horrebas
709 2743 808 2826 prisci
829 2747 998 2828 praecepta
1018 2745 1177 2828 parentis,

243 2839 294 2893 160
304 2827 351 2890 At
369 2830 479 2890 tamen
500 2827 535 2888 in
555 2829 679 2890 vostras
701 2828 834 2910 potuisti
856 2828 970 2893 ducere
992 2829 1096 2912 aedae,

307 2909 394 2986 Quae
414 2909 477 2972 tibi·
496 2909 632 2974 iocunde
654 2911 825 2976 famularer
846 2934 936 2976 serva
957 2913 1080 2996 labore,

307 2993 451 3060 Candida
471 2994 671 3077 permulcens
694 2995 823 3078 liquidis
845 2996 982 3081 vestigia
1003 2999 1015 3060 l
1037 2997 1143 3081 mphis

305 3077 506 3163 Purpureave
528 3080 618 3142 tuum
640 3082 847 3144 consternens
868 3083 955 3145 veste
978 3018 1090 3146 cubile.

306 3161 368 3226 Sed
391 3162 467 3246 quid
488 3183 548 3247 ego
570 3162 691 3248 ignaris
709 3163 901 3247 nequiquam
922 3185 1098 3248 conqueror
1113 3167 1210 3252 auiis,

244 3257 293 3308 161
304 3245 480 3311 Externata
501 3247 601 3329 malo,
625 3269 704 3332 quac
725 3248 822 3312 nullis
844 3249 989 3314 sensibus
1012 3253 1123 3315 auctae

306 3328 375 3393 Nec
396 3331 511 3394 missas
533 3332 641 3396 audire
663 3335 784 3417 queunt
804 3353 864 3397 nec
885 3333 1016 3398 reddere
1037 3334 1154 3398 voces?

306 3411 366 3476 Ille
389 3416 495 3486 autem
516 3437 615 3500 prope
637 3417 701 3480 iam
722 3417 835 3481 mediis
857 3419 999 3485 versatur
1020 3418 1055 3482 in
1076 3418 1189 3504 undiS,

305 3495 374 3564 Neo
397 3497 564 3588 quisquam
586 3499 717 3588 adparet
737 3521 837 3566 vacua
857 3501 1002 3566 mortalis
1023 3503 1059 3567 in
1080 3503 1164 3587 alga.
