2632 4140
228 145 269 210 56
604 149 797 205 rsorssrn
1055 153 1215 226 [xxviii.

246 326 276 374 15
292 313 425 378 Illorum
447 313 586 398 antiquis
609 315 779 377 onerentur
801 313 925 398 legibus
947 335 1053 378 aures:

335 397 398 462 Hic
420 397 509 462 locus
533 400 596 480 est,
619 397 653 460 in
718 416 752 482 o,
774 397 853 460 tibia
875 397 982 481 docta,
1006 419 1118 482 sones,

295 481 381 557 Quae
402 501 469 546 non
490 481 557 545 iure
579 481 660 545 vado
675 418 847 577 iilaeandri
868 481 952 546 iacta
972 483 1106 566 notasti,

336 565 455 650 Turpia
476 586 548 629 cum
569 564 688 629 faceret
708 563 847 628 Palladis
870 585 926 629 ora
947 569 1061 630 tumor.

294 649 381 715 Num
395 649 468 732 ism,
484 648 560 712 dure
582 644 677 732 paras
692 645 849 733 Phrygias
863 671 949 714 nunc
960 649 1006 714 irs
1020 671 1077 732 per
1087 651 1209 716 undas

245 746 280 794 '20
336 731 380 796 Et
400 735 508 816 petere
529 697 672 816 H⁷yrosni
693 731 802 796 littora
823 731 892 797 Eos
912 735 1026 815 maris,

296 816 452 901 Spargere
475 819 507 880 et
528 815 651 880 alterna
672 837 854 880 communes
876 817 970 881 caede
991 817 1129 881 Penates

337 899 381 964 nt
401 901 483 964 ferre
505 899 546 964 ad
566 900 687 984 patrios
708 900 849 983 praemia
870 899 939 964 dira
959 899 1077 964 Lares?

155 1055 159 1062 ⁴
295 983 369 1048 Vna
390 986 575 1048 contentum
596 983 715 1068 pudeat
735 1005 786 1048 me
807 985 912 1048 vivere
934 983 1055 1048 amica?

338 1067 409 1131 Hoc
431 1068 458 1132 si
480 1067 601 1132 crimen
622 1067 696 1150 erit,
719 1068 840 1132 crimen
860 1068 989 1132 Amoris
1012 1068 1085 1132 erit:

247 1163 280 1212 25
295 1151 342 1216 Mi
362 1151 467 1216 nemo'
479 1151 605 1216 obiciat.
638 1151 736 1215 libeat
756 1151 831 1235 tibi,
855 1150 1008 1236 Cynthia,
1031 1173 1163 1217 mecum

338 1234 475 1300 Roscida
496 1235 650 1300 muscosis
672 1238 765 1300 antra
787 1238 896 1300 tenere
918 1236 1012 1321 iugis.

295 1319 367 1384 Illic
389 1319 522 1404 aspicies
544 1319 682 1402 scopulis
704 1318 834 1384 haerere
859 1341 983 1384 sorores

338 1401 383 1466 Et
403 1423 516 1466 canere
538 1403 605 1466 anti
627 1403 660 1466 ui
682 1402 787 1466 dulcia
808 1403 893 1466 furta
914 1403 1016 1486 Iovis,

232 1498 236 1505 '
296 1485 342 1552 Vt
363 1485 518 1571 Semelast
539 1423 737 1570 combustus,
765 1489 801 1551 ut
821 1491 871 1551 est
891 1487 1071 1572 deperditus
1093 1487 1146 1572 Io,

248 1582 281 1632 co
337 1567 481 1654 Denique
502 1571 539 1633 ut
559 1569 600 1634 ad
622 1569 735 1634 Troiae
757 1573 842 1635 tecta
862 1572 978 1635 volarit
999 1571 1075 1636 avis.

298 1653 390 1731 Quod
412 1653 555 1718 sinemo
578 1655 678 1737 extat,
701 1654 755 1738 qui
777 1655 890 1720 vicerit
911 1655 997 1720 alitis
1019 1675 1122 1738 arma,

340 1737 525 1804 Communis
548 1739 659 1822 culpae
681 1759 829 1802 currens
851 1759 933 1802 unus
955 1737 1054 1824 agor?

297 1821 423 1890 Noctu
444 1821 622 1906 virginibus
642 1822 819 1887 reverentia
840 1823 977 1888 moveris
1002 1843 1073 1887 ora:
1305 1885 1306 1910 ξ

279 1981 281 1986 ,
339 1905 402 1972 Hic
424 1926 486 1990 quo
508 1927 548 1971 us
568 1927 636 1970 non
656 1905 760 1970 nescit
773 1906 849 1990 quid
872 1907 914 1972 sit
935 1927 1041 1970 amare
1062 1904 1200 1993 chorus3
1305 1911 1306 1916 ’

249 2001 281 2052 co
298 1989 331 2055 si
353 1992 460 2054 tomen
483 1928 600 2087 deagri
621 1989 774 2073 quaedam
796 2011 966 2075 conpressa
987 1991 1089 2075 figure

340 2073 494 2138 Bistoniis
517 2075 594 2138 ohm
614 2073 745 2156 rupibus
766 2075 920 2140 occubuit.

298 2157 360 2222 Hic
380 2157 436 2221 ubi
457 2178 508 2222 me
529 2157 633 2242 prima
655 2160 796 2221 statuent
816 2159 851 2222 in
872 2161 962 2244 parte
984 2157 1135 2242 choreae,

340 2240 384 2304 Et
403 2239 526 2317 medius
548 2239 643 2306 docta
663 2241 791 2325 cuspide
813 2241 958 2308 Bacchus
981 2243 1041 2306 erit

298 2323 379 2400 Turn
402 2324 498 2408 capiti
521 2345 627 2400 sacros
649 2325 753 2409 patiar
773 2327 911 2409 pendere
934 2291 1116 2410 corymbos:

249 2420 283 2470 40
339 2407 423 2502 Nam
445 2409 514 2474 sine
535 2412 568 2474 te
589 2411 735 2474 nostrum
756 2431 823 2474 non
844 2411 929 2475 valet
949 2410 1125 2495 ingemum.

639 2541 791 2551 ...σι-...κ

539 2623 711 2698 xxvnn
739 2625 896 2718 [xxxii.

299 2746 446 2830 Quaeris,
470 2767 525 2810 cur
546 2747 672 2812 veniam
693 2747 754 2812 tibi
775 2747 904 2812 tardior.
937 2767 1033 2811 aurea
1053 2744 1180 2812 Phoebi

341 2829 487 2896 Porticus
510 2852 529 2894 a
549 2852 668 2916 magno
685 2829 820 2898 Caesare
841 2833 951 2915 aperta
971 2831 1042 2895 fuit.

300 2914 383 2986 Tota
404 2915 526 2979 eratin
548 2937 563 2979 s
588 2915 686 2981 eciem
707 2915 824 2980 Poenis
846 2915 972 3000 digesta
994 2913 1172 2998 columnis,

342 2998 431 3064 Inter
451 3020 529 3082 quas
582 2999 654 3063 anai
675 2999 796 3064 femina
816 2999 911 3064 turba
932 2999 1026 3082 senis.

273 3081 366 3147 sHic
388 3083 534 3167 equidem
555 3082 685 3148 Phoebo
707 3083 792 3148 risus
814 3081 894 3149 mihi
915 3081 1077 3168 pulchrior
1098 3081 1173 3164 ipso

342 3166 539 3232 Marmoreus
560 3167 659 3232 tacita
680 3188 809 3234 carmen
829 3165 917 3232 hiare
938 3167 1022 3250 lyra:

189 3274 191 3276 ·
301 3251 347 3315 Ab
369 3272 408 3314 ue
430 3272 518 3315 aram
540 3251 658 3316 circum
680 3253 836 3316 steterant
854 3253 996 3316 armenta
1017 3249 1179 3334 Myronis,

344 3271 498 3408 duatuor
519 3334 654 3400 artifices
660 3384 669 3420 ,
692 3335 797 3400 vivida
819 3335 927 3422 rigna,
949 3335 1057 3400 boves.

302 3417 385 3482 Tum
405 3417 544 3483 medium
566 3419 651 3484 claro
674 3421 825 3506 surgebat
846 3440 1002 3484 marmore
1023 3417 1184 3501 templum
