2598 4136
377 214 433 276 CN.
456 213 562 270 Maru
582 211 816 308 XRAGMENTA.
1034 211 1072 276 91

389 446 433 521 V.
486 446 558 522 GN.
597 446 788 522 MATIVS.

146 562 230 618 Dixit
247 562 283 616 de
301 576 336 616 eo
353 558 559 614 Wernsdorlius
576 561 651 629 poet.
668 560 717 615 lai.
735 559 801 618 min.
818 559 885 628 1111,
903 565 952 618 568
970 577 1031 630 sqq.

158 697 208 752 Cn
232 694 338 750 Matius
359 695 417 750 sive
438 693 554 749 Mattius
577 696 658 762 (nam
680 694 790 750 variant
817 695 941 765 codices)
964 696 1075 766 scripsit

101 765 317 833 Hipponaclem
335 763 460 829 secutus,
503 761 585 816 uibus
605 761 750 816 hominum
767 761 837 816 vilia
860 766 999 832 carperet,
1023 765 1073 818 mi-

99 831 260 897 miambos,
279 829 378 885 eodem
395 844 451 896 quo
470 828 476 840 ⁴
500 845 515 884 s
533 845 665 884 versuum
682 845 785 900 genere
802 845 882 898 usus,
905 831 938 886 ul
954 833 1074 887 leslsiur

102 899 298 954 Terentianus
315 913 343 951 r.
360 901 427 950 2416
444 908 504 964 sqq.

210 989 265 1043 hoo
282 987 459 1042 mimiambos
476 987 592 1044 Maliius
610 987 688 1043 dedii
705 989 808 1042 melros

211 1072 278 1111 nam
295 1057 390 1111 vatem
407 1055 526 1110 eundem
543 1055 596 1110 iste
613 1055 709 1110 Allico
726 1055 824 1124 ilryrno
841 1055 961 1114 anuum

210 1125 276 1193 pari
292 1123 418 1192 leporeel
434 1124 598 1178 consecutus
617 1123 646 1178 ei
662 1123 761 1178 metro.
791 1165 793 1170 .

100 1217 174 1272 ruis
192 1216 289 1270 aulem
307 1213 431 1284 aequalis
448 1214 536 1270 ferme
554 1213 658 1270 Laevii.

161 1332 187 1380 1.
215 1339 319 1402 nuper
341 1316 391 1381 die
413 1317 525 1400 quarto
547 1318 584 1402 ul
603 1316 753 1382 recordor
774 1319 807 1382 el
828 1277 919 1383 cerlo·
947 1277 949 1284 Ι

216 1401 381 1486 aquarium
402 1421 532 1465 urceum
553 1400 681 1465 unicum
703 1399 790 1466 domi
810 1401 915 1488 fregit.

158 1499 269 1557 Gellius
290 1500 330 1566 X,
353 1505 397 1578 ²42
422 1506 454 1555 10
466 1501 534 1579 sdic
555 1505 657 1621 {uario
679 1501 783 1578 autem·
796 1499 845 1556 Cn.
867 1501 970 1556 Matius
990 1501 1074 1557 homo

100 1569 239 1638 impense
263 1569 370 1646 doctus·
383 1584 413 1646 in
435 1583 559 1622 mmuam
580 1583 604 1620 rs
621 1583 677 1644 pro
699 1583 733 1622 eo
755 1568 836 1646 dicii,
859 1567 935 1646 quod
957 1568 1074 1623 ‘nudius

99 1639 246 1774 sipiaffls’
267 1652 320 1690 nos
343 1635 479 1689 dumus!
512 1636 538 1689 A
556 1632 646 1689 Gellio
668 1638 786 1703 sumpsit
802 1635 961 1690 Macrobius
984 1639 1035 1689 sat.
1053 1635 1074 1701 I,

161 1819 190 1867 2.
218 1803 368 1870 iamiam
392 1803 557 1869 albicascit
577 1801 725 1870 Phoebus
748 1805 781 1868 ei
801 1807 994 1888 recenlalur3

217 1909 385 1954 commune
406 1889 516 1954 lumen
536 1887 720 1952 horninibus
742 1887 940 1972 voluptatist.

160 2019 189 2069 a.
218 2009 412 2091 quapropter
433 2005 578 2071 edulcare
601 2004 751 2070 convenil
771 2005 870 2068 vilain

218 2111 371 2174 curasque
394 2089 522 2156 acerbas
545 2089 690 2154 sensibus
712 2089 898 2176 gubernare.

158 2198 186 2246 2.
203 2197 227 2246 3.
254 2189 360 2245 Gellius
377 2187 443 2256 XV,
461 2195 502 2246 25.
537 2191 585 2246 Gn.
610 2189 725 2256 Melina,
747 2187 791 2244 vir
813 2189 951 2256 eruditus,
972 2187 1003 2244 in
1023 2187 1075 2242 mi·

100 2257 242 2315 miambis
259 2257 317 2312 suis
329 2274 385 2311 non
396 2257 501 2312 absone
513 2257 594 2312 linxit
605 2259 766 2312 recentatur
776 2273 828 2326 pro
840 2271 874 2312 eo
886 2256 963 2324 quod
975 2255 1075 2310 Graeci

101 2325 209 2382 dicuni
226 2327 393 2380 ἀνανεοῦται
411 2342 435 2380 e.
453 2340 480 2392 q.
500 2342 521 2378 s.
538 2324 614 2379 idem
631 2323 736 2378 Matius
752 2323 783 2378 in
799 2321 890 2379 isdem
906 2323 1074 2378 mimiambis

101 2395 240 2450 edulcare
258 2391 326 2446 dicit
344 2391 421 2459 quod
438 2393 481 2446 est
499 2391 606 2446 dulcius
623 2389 741 2446 reddere
760 2407 783 2446 e.
802 2407 829 2459 q.
846 2409 868 2445 s.

160 2459 369 2529 ‹Voluptaiisi’
393 2474 459 2528 ego,
488 2459 673 2528 ‘voluptatis’
699 2458 844 2524 Herlaius,
870 2457 932 2518 odd.
955 2460 1001 2512 ‘ei
1026 2473 1074 2512 vo-

102 2527 259 2597 luptatis’3
285 2527 370 2596 vulgo
398 2525 601 2595 ‘voluptasque
609 2533 626 2580 ’.
673 2525 804 2582 celerum
830 2525 912 2580 afferi
941 2525 1012 2580 liaeo
1040 2541 1075 2580 ex

102 2595 201 2650 Gellio
218 2593 324 2648 Nonius
346 2610 394 2663 pg.
413 2599 461 2648 167
479 2611 502 2646 s.
519 2610 546 2646 v.
563 2594 708 2650 reuertere
731 2596 761 2649 el
783 2599 831 2648 106
849 2609 870 2646 s.
888 2609 914 2647 v.
932 2593 1074 2657 edulcare;

104 2663 158 2718 ubi
185 2660 216 2715 in
256 2661 329 2716 riore
351 2661 433 2739 frgm.
457 2661 482 2715 le
504 2699 510 2714 .
529 2659 693 2728 ‘Maccius’,
716 2659 818 2716 omissa
841 2659 1000 2714 ‘Phoebus’
1024 2672 1075 2713 neo

102 2746 173 2808 non·
185 2678 262 2783 ‘codd
282 2727 369 2808 laiis’,
387 2745 417 2782 m
434 2677 588 2806 poederiore
600 2728 721 2806 habetur
734 2727 872 2782 ‘Mattius’
891 2726 1075 2796 pluresque,

102 2798 232 2919 debmque
250 2795 271 2849 11
291 2813 330 2850 ns
346 2794 509 2864 Bamberg.,
527 2793 657 2850 Le1dens1
674 2796 761 2850 aliero
780 2795 809 2850 el
826 2793 997 2863 Guelpherb.
1016 2802 1074 2848 ‘ee-

101 2883 136 2920 nr
158 2869 218 2918 ire’.

91 2939 95 2946 '
158 2930 237 2986 Nola
253 2931 355 2986 lmesin
372 2930 402 2986 in
419 2929 627 3000 praepositione
644 2931 726 2986 uerbi
743 2929 819 2998 quod
836 2931 880 2986 esi
896 2928 1034 2984 edulcare.

159 3062 188 3111 4.
217 3051 351 3135 sinuque
374 3050 509 3148 enricum
530 3049 624 3114 refioe
645 3045 796 3134 frigidam
817 3047 909 3143 caldo

217 3135 458 3199 columbulairm
479 3133 568 3199 labra
590 3154 760 3199 conserens
782 3131 890 3195 labus.

159 3263 188 3314 o.
216 3251 279 3316 iam
300 3249 434 3318 tonsiles
457 3256 580 3337 tapetes
603 3252 684 3316 ebrii
705 3250 778 3313 fuco

218 3357 296 3420 quos
321 3335 443 3401 coneha
463 3358 604 3422 purpura
625 3335 771 3398 imbuens
793 3331 970 3398 venenavit.

156 3443 185 3490 4.
204 3441 228 3489 5.
256 3434 363 3490 Gellius
380 3435 445 3504 XX,
464 3443 493 3492 9:
512 3435 643 3505 qualibus
661 3433 755 3488 verbis
774 3432 908 3488 delectari
924 3431 1023 3487 solitus
1041 3431 1077 3486 sii

100 3502 248 3560 Antonius
270 3503 396 3558 Iulianus
417 3503 517 3574 posilis
539 3503 569 3558 in
590 3501 759 3557 drimiambis
784 3500 833 3557 Ou.
852 3501 940 3556 Mutii
962 3505 987 3554 ei
1009 3497 1077 3574 quid
