2636 4146
246 171 286 235 82
626 179 819 234 reornarn
1111 178 1232 251 [xun.

352 339 484 406 Invocat
504 341 646 426 Antiope
668 363 762 426 quem
784 341 847 406 nisi
869 341 978 405 vineta
999 340 1132 406 Iovem?

311 423 387 489 Sola
400 429 524 509 tamen,
544 447 758 510 quaecumque
775 425 908 490 aderant
919 425 955 489 in
972 445 1104 508 corpore
1115 425 1225 510 vires,

351 508 488 593 Regulos
509 511 650 574 manicas
672 531 710 573 ru
732 510 759 574 it
778 512 912 593 utraque
933 531 1041 573 manu.

260 605 293 662 25
308 592 387 656 Inde
410 591 610 658 Cithaeronis
631 532 745 658 timido
767 594 847 690 pede
870 593 968 658 currit
988 593 1024 657 in
1046 615 1145 659 arces.

352 675 425 741 Nox
447 681 528 760 erat,
551 681 585 742 et
605 698 715 775 sparso
736 680 828 742 triste
851 677 955 742 cubile
975 678 1059 762 gelu.

309 759 410 844 Saepe
431 783 513 846 vago
536 763 638 858 Asopi
659 761 764 826 sonitu
787 764 932 846 permota
952 760 1080 826 fluentis

353 842 509 910 Credebat
531 845 678 910 dommac
698 865 783 930 ponc
804 845 911 909 venire
933 843 1040 930 pedes.

308 927 353 992 Et
373 928 486 992 durum
508 927 643 994 Zethum
665 931 698 994 et
718 929 857 994 lacrimis
873 929 1057 1015 Amphiona
1077 931 1219 999 mollem

259 1025 293 1073 so
348 1011 521 1097 Expertast
541 1013 673 1077 stabulis
695 1016 798 1078 mater
819 1014 933 1078 abacta
954 1015 1028 1078 suis.

308 1099 358 1160 Ac
378 1097 493 1180 veluti,
514 1119 649 1182 magnos
672 1118 744 1162 cum
765 1100 891 1194 ponunt
912 1118 1049 1182 aequora
1071 1101 1201 1184 molus,

349 1180 455 1246 Durus
476 1182 532 1246 ubi
554 1182 685 1246 adverso
708 1181 826 1246 desrnit
846 1182 892 1246 ire
913 1180 1015 1264 Noto,

308 1264 429 1329 Littera
452 1266 479 1330 si
500 1266 598 1330 tacito
621 1265 744 1330 sonitus
765 1265 898 1330 rarescit
917 1263 1068 1348 harenae,

351 1347 403 1413 Sic
426 1348 526 1434 (cadit
546 1349 662 1414 inflexo
684 1349 774 1433 lapsa
794 1349 901 1434 puella
920 1349 1021 1434 genu)

171 1467 174 1470 <
258 1444 292 1493 es
308 1431 399 1513 Sera,
422 1437 530 1497 tamen
551 1434 668 1517 pietas:
689 1434 774 1498 natis
797 1437 847 1498 est
868 1433 1015 1518 cognitus
1037 1455 1135 1500 error.

348 1515 455 1600 Digne
477 1515 562 1580 Iovis
584 1520 677 1581 natos
699 1517 753 1601 qui
774 1519 883 1582 tueare
905 1539 1018 1600 senex,

307 1599 356 1665 Tu
377 1600 482 1668 reddis
503 1601 610 1684 pueris
631 1604 781 1683 matrem,
804 1601 957 1686 puerique
977 1601 1168 1668 trahendam

348 1683 529 1749 Vinxerunt
549 1683 668 1750 Dircen
689 1685 747 1751 sub
769 1685 868 1750 trucis
890 1706 946 1750 ore
966 1685 1067 1751 bovis.

307 1769 462 1853 Antiope,
486 1790 642 1856 cognosce
663 1769 788 1834 Iovem:
809 1769 870 1833 tibi
891 1769 994 1916 gloria
1014 1769 1110 1834 Dirce

254 1866 291 1915 40
347 1851 482 1918 Ducitur
502 1853 538 1917 in
558 1854 667 1918 multis
688 1855 826 1918 mortem
847 1852 890 1917 ha
912 1854 995 1918 itura
1016 1854 1106 1918 locis.

306 1936 403 2002 Prata
425 1940 631 2002 cruentantur
653 1936 768 2020 Zetho,
791 1937 955 2022 victorque
977 1938 1133 2026 canebat,

349 2021 475 2086 Paeana
496 2021 660 2104 Amphion
680 2043 774 2105 rupe,
797 2021 997 2105 Aracyntho,
1019 2026 1083 2086 tua.

305 2107 353 2169 At
372 2108 409 2169 tu
429 2125 496 2170 non
517 2105 663 2170 meritam
684 2127 795 2189 parcas
816 2127 930 2170 vexare
951 2105 1143 2191 Lycinnam:

348 2189 461 2252 Nescit
482 2193 588 2254 vestra
608 2211 704 2254 ruens
725 2190 773 2254 ira
793 2190 913 2254 referre
934 2189 1055 2274 pedem.

254 2287 289 2336 es
304 2273 426 2338 Fabula
446 2273 536 2338 nulla
556 2275 629 2338 tuas
651 2273 690 2338 de
710 2273 804 2338 nobis
827 2273 967 2338 concitet
988 2295 1094 2339 aures:

348 2356 394 2422 Te
416 2357 516 2422 solam
538 2359 571 2422 et
591 2358 689 2443 lignis
711 2357 831 2423 funeris
853 2360 943 2422 ustus
966 2379 1077 2423 amem.

612 2570 680 2644 XV
707 2567 831 2672 [XVD.

305 2694 380 2761 Nox
406 2693 526 2777 media,
557 2696 590 2758 et
612 2694 758 2760 dominae
780 2693 968 2844 mihisggpit
990 2695 1127 2778 epistula
1147 2715 1212 2762 no·
1307 2687 1308 2747 l

348 2861 465 2928 Tiburs
485 2885 537 2926 me
558 2863 657 2928 missa
677 2863 771 2928 iussit
792 2863 901 2928 adesse
924 2885 1030 2946 mora,
1306 2907 1307 2934 2

306 2947 532 3030 Candidaque
557 2947 701 3033 geminas
729 2947 902 3012 ostendunt
923 2948 1062 3014 culmina
1082 2950 1207 3034 turres,
1306 2957 1307 3004 l

346 3031 391 3096 Dt
413 3031 498 3096 cadit
518 3031 553 3095 in
573 3032 700 3115 patulos
722 3031 853 3116 lympha
873 3031 1001 3096 Aniena
1021 3031 1118 3096 lacus.
1306 3007 1307 3097 l

276 3115 391 3192 tQuid
405 3113 543 3180 faciam?
566 3115 712 3180 obductis
727 3117 925 3181 committam
938 3137 1031 3180 mene
1045 3115 1209 3201 tenebris,
1305 3191 1306 3194 Ἴ

346 3199 392 3264 Vt
411 3200 542 3264 timeam
563 3199 697 3264 audaces
719 3200 755 3264 in
775 3222 847 3265 mea
867 3200 1012 3265 membra
1032 3199 1168 3264 manus?
1305 3249 1306 3270 1

297 3285 350 3348 'At
371 3283 399 3348 si
421 3283 575 3348 distulero
596 3283 675 3348 haec
695 3287 806 3348 nostro
828 3284 978 3348 mandata
999 3284 1133 3368 timore,

345 3365 511 3434 Nocturno
533 3367 625 3434 fietus
648 3369 770 3434 saeuior
791 3368 884 3433 hoste
909 3367 998 3432 mihi.

302 3450 471 3516 Peccaram
493 3451 605 3535 semel,
628 3455 660 3517 et
673 3455 777 3518 totum
792 3474 862 3518 sum
876 3452 988 3538 pulsus
1009 3451 1045 3516 in
1066 3473 1209 3520 annum:
1304 3501 1305 3526 i
