2628 4116
90 179 136 250 X·]

100 649 120 768 t

93 1015 120 1124 u

50 1713 134 1771 a?

135 339 187 404 lbi
208 339 269 403 illa
289 339 394 403 multa
415 342 490 420 tum
506 339 614 403 iooosa
635 339 769 423 fiebant,

137 423 226 506 Quae
247 427 285 486 tu
306 423 437 486 volebas
459 443 518 486 neo
539 423 646 506 puella
666 423 804 489 nolebat.

137 507 269 572 Fulsere
291 528 366 570 vere
389 506 515 570 candidi
535 507 595 570 tibi
617 507 709 574 soles.

138 591 235 658 Nune
256 591 322 654 iam
343 591 400 656 illa
413 611 480 654 non
494 590 577 656 vult:
599 594 634 654 tu
649 612 784 676 quoque,
800 593 958 676 inpotens,
974 591 1042 656 noli

138 675 211 742 Nee
233 697 313 758 quae
334 674 420 758 fugit
441 677 575 756 sectare,
596 695 656 738 nee
677 675 773 740 miser
793 676 879 762 vive,
1031 688 1064 738 ιο

140 759 205 824 Sed
227 759 390 822 obstinata
411 761 518 822 mente
540 758 659 840 perfer,
687 757 817 824 obdura.
894 835 897 840 ,

139 843 238 924 Vale,
260 843 376 926 puella.
406 842 474 924 jam
497 839 639 906 Catullus
662 842 811 927 obdurat,

139 927 212 992 Neo
233 931 265 990 te
285 927 426 1010 requiret
445 947 504 990 neo
526 925 653 1010 rogabit
677 926 825 994 invitam:

141 1014 189 1076 At
209 1014 246 1074 tu
268 1010 404 1092 dolebis,
428 1031 500 1073 eum
521 1009 686 1094 rogaberis
708 1011 803 1074 nulla

141 1095 297 1176 Scelesta,
319 1115 378 1158 vae
399 1096 444 1158 te!
468 1113 548 1189 quae
569 1094 629 1158 tibi
651 1097 759 1158 manet
779 1095 858 1158 vita!
1031 1105 1064 1158 1⁸

141 1179 222 1255 Quis
244 1199 329 1242 nuno
350 1183 382 1242 te
405 1177 528 1242 adibrt‘?
552 1177 602 1241 oui
624 1177 781 1262 videberis
803 1177 908 1242 bella?
982 1211 984 1214 ⁴

141 1263 245 1339 Quem
266 1283 352 1326 nuno
373 1261 515 1326 amabis?
540 1261 629 1326 euius
651 1282 720 1326 esse
742 1261 876 1326 diceris?

141 1347 246 1423 Quem
266 1345 426 1410 basiabis?
450 1346 501 1409 eui
522 1345 638 1410 labella
658 1346 839 1412 mordebis?

140 1433 189 1494 At
210 1435 261 1512 tu,
285 1427 409 1494 Catulle
415 1479 425 1512 ,
448 1429 623 1493 destinatus
646 1429 775 1495 obdura.

505 1561 658 1569 Μ

522 1643 635 1718 VIIII.

140 1767 279 1850 Verani,
302 1767 448 1830 omnibus
470 1788 488 1830 e
509 1766 589 1830 meis
612 1767 721 1831 amieis

141 1852 315 1916 Antistans
336 1850 566 1914 mihimilibus
587 1850 753 1932 trecentis,

141 1935 312 1999 Venistine
335 1935 463 1998 domurn
485 1934 524 1998 ad
547 1937 619 1998 tuos
641 1933 778 2000 Penates

140 2019 334 2102 Fratresque
356 2019 525 2082 unanimos
547 2039 705 2100 anumque
726 2017 884 2082 matrem?

140 2101 280 2168 Venisti.
315 2123 334 2166 ο
355 2101 434 2167 mihi
455 2101 561 2166 nuntii
582 2101 682 2166 beati!
1049 2113 1065 2164 u

142 2186 256 2250 Visam
277 2189 309 2250 te
331 2187 522 2250 ineolumem
544 2185 730 2269 audiamque
752 2184 907 2252 Hiberum

142 2271 337 2336 Narrantem
359 2272 445 2354 loos,
467 2271 567 2351 faeta,
589 2270 751 2354 nationes,

142 2355 190 2419 Vt
211 2375 281 2418 mos
304 2357 352 2418 est
372 2358 459 2438 tuus,
482 2353 706 2438 adplicansque
729 2355 847 2420 sollum

141 2437 322 2504 Iooundum
344 2460 379 2502 os
402 2439 572 2525 oculosque
594 2439 771 2514 suaviabor.

144 2523 173 2587 Ο
196 2525 381 2606 quantumst
401 2521 567 2586 hominum
588 2523 780 2607 beatiorum,
1035 2531 1068 2582 10

143 2605 231 2682 Quid
252 2627 303 2670 me
325 2607 438 2670 laetius
461 2609 509 2670 est
530 2605 715 2672 beatiusve?

793 2687 867 2713 nuh

559 2821 604 2894 X.

147 2943 250 3007 Varus
272 2965 324 3007 me
345 2965 434 3008 meus
456 2943 496 3007 ad
518 2965 592 3007 suos
615 2965 739 3008 amores

143 3027 260 3090 Visum
282 3027 415 3092 duxerat
436 3049 453 3092 e
474 3029 546 3092 foro
569 3028 722 3110 otiosum,

140 3111 347 3194 Seorffillnm,
369 3115 406 3191 ut
425 3111 505 3176 mihi
526 3116 595 3176 tum
616 3113 747 3196 repente
768 3110 918 3190 visumst,
964 3176 976 3181 ἡ

143 3193 223 3260 Non
244 3216 322 3259 sane
344 3195 519 3279 inlepidum
540 3217 643 3279 neque
664 3196 878 3258 invenustum.

142 3277 219 3343 Hno
239 3283 278 3343 ut
298 3279 458 3364 venimus,
481 3279 621 3344 incidere
642 3277 737 3341 nobis
1054 3286 1070 3336 5

144 3361 318 3428 Sermones
339 3363 433 3447 varii,
455 3364 491 3428 in
512 3361 640 3446 quibus,
664 3359 740 3444 quid
761 3363 845 3424 esset

142 3445 216 3512 Iam
236 3445 407 3531 Bithynia,
431 3469 493 3531 quo
515 3445 610 3510 modo
633 3466 667 3509 sa
688 3443 836 3528 haberet,
