2666 4138
213 221 257 286 42
341 203 342 206 ‘
624 222 767 302 rmum
1116 223 1176 297 [vr

318 385 412 472 lnpia
432 386 468 452 in
489 385 637 450 adversos
659 385 888 450 solvimueora
909 383 1001 450 deos:

229 485 261 533 15
275 471 320 536 Et
339 469 482 535 nondum
504 470 576 534 cani
596 469 707 554 nigros
729 469 847 533 laesere
870 468 1018 552 capillos,

319 555 351 620 N
353 577 389 620 ee
409 555 499 618 venit
519 553 610 617 tardo
633 572 730 617 curva
751 554 879 618 senecta
899 551 988 636 pede.

276 638 425 705 Natalem
445 638 548 722 primo
570 639 717 701 nostrum
737 637 845 701 videre
865 636 1028 720 parentes,

320 721 402 787 Oum
424 721 538 786 cecidit
557 721 625 785 fato
648 720 761 785 consul
781 722 914 804 uterque
958 721 1013 784 ari.

278 805 362 882 Quid
383 804 529 870 fraudare
549 805 638 869 iuuat
658 805 757 870 vitem
779 742 994 868 crescentitus
1016 804 1087 868 uvis

229 902 263 953 20
317 889 362 953 Et
382 889 477 953 modo
498 891 574 952 nata
593 888 679 952 mata
698 889 815 953 vellere
835 909 932 972 poma
951 887 1070 953 manu?

277 973 418 1056 Parcite,
440 972 596 1056 pallentes
616 971 718 1038 undas
741 972 929 1056 quicumque
950 972 1067 1036 tenetis

319 1057 470 1140 Duraque
492 1057 598 1121 sortiti
618 1056 714 1120 tertia
733 1077 835 1141 regna
855 1056 915 1120 dei.

265 1126 318 1289 'El
341 1141 405 1206 sios
428 1141 505 1204 olim
526 1141 622 1204 liceat
643 1161 836 1225 cognoscere
858 1161 988 1224 campos

365 1225 552 1306 thecamque
572 1226 674 1288 ratem
696 1223 947 1307 Cimmeriosque
968 1225 1069 1307 lacus,

228 1321 262 1370 m
277 1307 358 1374 Cum
379 1330 451 1372 mea
470 1329 588 1392 rugosa
607 1308 774 1392 pallebunt
794 1329 851 1372 ora
871 1311 998 1372 senecta

250 1371 270 1478 ll
319 1391 365 1456 Et
385 1393 520 1456 referam
540 1391 648 1474 pueris
669 1395 815 1476 tempora
836 1393 942 1476 prisca
964 1413 1069 1456 senem

278 1475 384 1558 Atque
397 1477 528 1539 utinam
549 1496 632 1539 vano
653 1477 750 1560 nequi
772 1497 847 1540 uam
867 1479 987 1540 terrear
1008 1476 1111 1540 aestu!

320 1559 490 1644 Languent
510 1561 559 1623 ter
581 1559 694 1642 quinos
717 1498 773 1624 set
793 1582 865 1624 mea
885 1561 1027 1626 membra
1049 1559 1126 1624 dies.

278 1643 324 1706 At
344 1643 435 1708 vobis
457 1642 580 1707 Tuscae
602 1643 801 1708 celebrantur
822 1645 954 1708 numina
975 1643 1124 1728 lymphae

229 1737 264 1788 80
319 1725 364 1790 Et
385 1727 487 1791 facilis
509 1727 596 1790 lenta
615 1728 744 1810 pellitur
764 1728 850 1792 unda
870 1750 976 1793 manu.

278 1809 385 1874 Vivite
406 1811 529 1891 felices,
553 1833 708 1877 memores
731 1815 763 1876 et
783 1812 880 1876 vivite
901 1813 1018 1894 nostri,

322 1893 394 1959 Sive
417 1895 532 1960 erimus
547 1917 611 1962 ‚seu
631 1917 691 1960 nos
712 1895 779 1960 feta
798 1896 897 1960 fuisse
917 1897 1028 1961 velint.
1053 1931 1055 1936 2

278 1977 405 2044 Interea
425 1979 535 2063 nigras
556 1979 693 2062 pecudes
715 1979 893 2064 promittite
914 1979 983 2044 Diti

319 2061 365 2126 Et
384 2062 471 2126 nivei
492 2063 583 2126 lactis
604 2064 719 2146 pocula
740 2064 840 2127 mixta
861 2085 958 2128 mero.

666 2275 726 2349 VI.

277 2394 421 2462 Candide
442 2397 551 2480 Liber,
574 2397 649 2462 ades
673 2398 733 2482 (sic
756 2399 798 2462 sit
818 2399 878 2462 tibi
899 2400 1034 2484 mystica
1055 2399 1131 2464 vitis

321 2479 466 2564 Semper,
491 2482 537 2546 sic
560 2479 653 2546 edera
673 2485 819 2566 tempora
839 2485 946 2548 vincta
966 2485 1081 2568 feras),

278 2562 380 2638 Aufer
401 2565 522 2648 etipse
544 2587 651 2630 meum
671 2569 781 2649 patera
802 2567 979 2632 medicante
1002 2569 1161 2634 dolorem=

322 2646 423 2731 Saepe
444 2651 501 2712 tuo
523 2649 639 2712 cecidit
659 2671 790 2716 munera
812 2651 915 2716 victus
937 2673 1035 2716 amor.

246 2728 359 2795 sOare
380 2753 474 2814 puer,
492 2732 646 2796 madeant
665 2755 822 2819 generoso
843 2736 959 2819 pocula
979 2735 1123 2818 Baccho,

320 2813 365 2878 Et
384 2815 479 2880 nobis
500 2836 603 2899 prona
622 2817 720 2882 funde
742 2818 877 2884 Falerna
898 2841 1003 2885 manu.

261 2895 328 2985 ¹Ito
348 2899 461 2982 procul
482 2897 595 2964 durum
617 2922 709 2966 curae
731 2924 848 2986 genus,
870 2905 916 2968 ita
937 2905 1078 2970 labores:

320 2981 460 3048 Fulserit
480 2982 533 3048 hic
554 2985 656 3050 niveis
677 2985 790 3050 Delius
812 2988 950 3052 alitibus.

278 3063 346 3130 Vos
367 3066 463 3132 modo
485 3069 649 3152 proposito
672 3069 779 3135 dulces
800 3071 935 3136 faveatis
957 3072 1066 3154 amici,

231 3159 264 3210 10
320 3149 410 3216 Neve
431 3156 529 3237 neget
551 3153 717 3236 quisquam
738 3176 789 3219 me
812 3155 891 3220 duce
913 3178 947 3221 se
970 3156 1139 3222 comitemr

278 3233 346 3298 Aut
367 3235 465 3319 siquis
481 3236 554 3314 ¹nini
575 3241 736 3302 certamen
757 3239 834 3304 mite
855 3243 995 3324 recusat,
1101 3245 1105 3255 '

320 3317 425 3382 Fallat
447 3342 519 3384 eum
539 3323 625 3386 tecto
648 3343 720 3386 cara
740 3324 848 3406 puella
870 3323 953 3388 dole.

278 3397 338 3464 Ille
359 3401 437 3466 facit
458 3403 540 3468 dites
562 3406 695 3492 animos
707 3406 798 3489 deus,
821 3408 877 3472 ille
898 3408 1038 3472 ferocem

321 3481 475 3550 Contudit
497 3490 529 3552 et
550 3488 697 3554 dominae
718 3491 807 3556 misit
828 3493 863 3556 in
884 3493 1065 3576 arbitrium,
