2628 4116
235 185 276 252 38
375 228 377 231 .
644 185 796 242 0111111
1091 183 1201 256 [anun

266 350 442 416 cDevolsit
463 349 518 414 ilci
540 351 633 414 acute
655 349 716 412 sibi
737 347 879 430 pondera
900 347 998 412 silice.

298 435 409 518 Itaque
430 436 467 497 ut
487 434 599 498 relicta
621 433 720 498 sensit
741 432 803 495 sibi
823 432 966 495 membra
988 431 1057 496 sine
1078 433 1162 518 vire,

298 519 407 583 Etiam
427 520 554 582 recente
574 521 678 582 terrae
700 516 769 580 sola
790 516 946 600 sanguine
966 517 1129 580 maculans

298 602 409 668 Niveis
432 601 530 666 citata
551 601 637 686 cepit
656 600 803 664 manibus
824 600 893 664 leve
914 603 1104 684 typanumy'

299 685 483 770 Typanum‚
504 687 594 750 tuom
615 683 759 770 Cybebe,
781 687 851 768 tua,
874 689 990 767 mater,
1013 685 1120 769 initia,

251 785 284 833 10
299 769 514 854 Quatiensque
536 772 628 854 terga
648 769 750 834 taurei
770 768 889 834 teneris
912 790 989 834 cava
1010 768 1120 853 digitis

300 853 421 920 Oanere
443 853 522 919 haec
544 855 608 920 suis
631 853 775 918 adortast
795 852 1004 918 tremebunda
1019 853 1204 920 comitibus.
1299 842 1300 865 i

300 939 411 1024 ‘Agite
425 939 469 1003 ite
484 938 617 1020 adalta,
641 936 768 1020 Gallae,
791 935 926 1021 Cybeles
940 959 1072 1002 nemora
1093 938 1204 1022 simul,

300 1023 402 1088 Simul
423 1023 481 1106 ite,
504 1021 724 1106 Dindymenae
746 1021 893 1086 dominae
915 1040 997 1107 vaga
1017 1042 1151 1106 pecora,

299 1107 416 1172 Aliena
437 1129 517 1191 quae
538 1109 683 1191 petentes
704 1105 792 1170 velut
809 1105 920 1170 'exules
942 1107 1012 1170 loca

252 1205 283 1254 15
299 1191 425 1257 Sectam
445 1212 551 1255 meam
573 1193 720 1254 executae
743 1189 821 1255 duce
842 1211 893 1254 me
914 1189 994 1258 mihi
1016 1190 1149 1255 comites

298 1275 458 1340 Rabidum
479 1275 582 1338 salum
602 1274 721 1338 tulistis
742 1275 983 1358 truculentaque
1004 1275 1117 1359 pelage

299 1359 343 1424 Et
364 1379 478 1442 corpus
502 1359 644 1422 evirastis
665 1357 800 1424 Veneris
821 1359 922 1422 nimio
945 1359 1034 1442 odio,

299 1443 443 1508 Hilarate
466 1464 537 1508 erae
559 1443 665 1508 citatis
687 1443 845 1508 erroribus
867 1443 1017 1508 animum.

299 1527 392 1592 Mora
411 1526 503 1592 tarda
523 1530 630 1592 mente
652 1527 757 1592 cedat:
780 1527 875 1592 simul
895 1528 955 1610 ite,
978 1527 1150 1610 sequimini

251 1625 285 1674 10
298 1611 472 1696 Phrygiam
499 1610 539 1676 ad
566 1610 696 1676 domum
724 1611 883 1696 Cybebes,
911 1611 1051 1760 Phyygie
1068 1611 1119 1674 *ad
1147 1633 1207 1678 ne·

843 1717 932 1760 mora
975 1717 1030 1760 eae

299 1779 364 1845 Vbi
386 1781 565 1864 cymbalum
587 1784 682 1846 sonat
701 1802 778 1865 vox,
800 1781 855 1844 ubi
876 1745 1207 1866 tympana’reboant,

300 1864 432 1930 Tibicen
453 1866 509 1930 ubi
531 1865 618 1930 canit
638 1864 746 1948 Phryx
768 1885 863 1929 curvo
886 1887 982 1950 grave
1004 1864 1144 1948 calamo,

299 1947 365 2012 Vbi
387 1949 492 2032 capita
512 1947 684 2014 Maenades
705 1949 737 2014 vi
758 1949 880 2014 iaciunt
901 1949 1098 2046 ederigerae‚

299 2031 364 2096 Vbi
386 2054 477 2096 sacra
499 2035 608 2096 sancta
630 2033 730 2098 acutis
751 2033 925 2098 ululatibus
946 2037 1086 2118 agitant,

251 2130 284 2178 11
299 2115 363 2179 Vbi
385 2116 488 2186 sueyit
508 2109 565 2179 illa
587 2115 676 2180 divae
697 2115 830 2182 volitare
851 2139 934 2202 vaga
956 2117 1084 2198 cohors:

301 2199 370 2281 Quo
392 2220 453 2263 nos
475 2199 565 2262 decet
586 2200 849 2266 citatis-celerare
869 2201 1039 2285 tripudiis!

300 2283 403 2348 Simul
423 2281 503 2347 haec
525 2283 694 2348 comitibus
709 2285 795 2349 Attis
818 2287 934 2352 cecinit
954 2287 1054 2350 notha
1075 2287 1206 2372 mulier,

300 2365 435 2432 Thiasus
456 2369 587 2450 repente
608 2367 726 2453 linguis
748 2370 981 2453 trepidantibus
1002 2371 1118 2468 11111111α

300 2451 383 2514 Leve
404 2452 591 2534 tympanum
605 2454 753 2537 remugit,
774 2475 850 2518 cava
864 2455 1009 2538 cymbala
1022 2460 1204 2538 recrepant,

252 2548 285 2596 30
299 2533 443 2598 Viridem
466 2535 546 2600 citus
568 2536 635 2600 adit
655 2535 746 2602 Idam
767 2542 957 2622 properante
976 2539 1057 2622 pede
1072 2538 1205 2604 chorus.

300 2617 484 2684 Furibunda
509 2621 605 2684 simul
631 2619 783 2686 anhelans
812 2644 894 2709 yage
924 2623 1027 2707 vadit,
1060 2624 1206 2688 animam

842 2729 955 2792 agens,

301 2785 461 2852 Comitata
482 2791 634 2873 tympano
656 2791 752 2855 Attis·
765 2813 822 2875 per
844 2813 944 2876 opaea
968 2813 1098 2858 nemora
1120 2791 1205 2877 dux,

300 2870 408 2935 Veluti
430 2873 561 2936 iuvenca
581 2873 685 2938 vitans
707 2897 787 2940 onus
809 2876 965 2940 indomita
986 2877 1067 2962 iugi:

300 2953 441 3038 Rapidae
464 2955 575 3021 ducem
597 2979 630 3022 se
653 2963 771 3023 uuntur
793 2959 905 3038 Gallae
925 2959 1181 3046 properipedem.

251 3052 283 3100 35
299 3038 410 3136 ltaque
431 3043 468 3105 ut
489 3040 617 3107 domum
632 2979 783 3126 (bybebes
805 3045 939 3128 tetigere
961 3044 1111 3126 lassulae,

300 3122 449 3188 Nimioe
471 3125 579 3190 labore
601 3149 748 3192 somnum
770 3128 901 3212 capiunt
922 3129 991 3192 sine
1013 3125 1135 3193 Cerere.

299 3205 396 3292 Piger
416 3207 467 3272 his
489 3209 617 3275 labante
639 3213 770 3296 langore
793 3213 903 3276 oculos
926 3233 1022 3296 sopor
1044 3213 1163 3296 operit:

181 3311 182 3314 ¹
300 3291 380 3355 Abit
400 3292 435 3356 in
457 3294 562 3377 quiete
583 3295 674 3360 molli
694 3295 824 3362 rabidus
845 3296 935 3362 furor
957 3297 1065 3360 animi.

302 3373 364 3439 Sed
385 3375 439 3440 ubi
461 3377 525 3442 oris
547 3379 634 3443 aurei
656 3379 712 3444 Sol
732 3379 929 3446 radiantibus
951 3381 1051 3446 oculis

253 3471 285 3519 40
299 3458 460 3524 Lustravit
479 3461 608 3527 aethera
627 3463 748 3549 album,
770 3465 839 3529 sola
860 3465 953 3551 dura,
973 3487 1060 3530 mare
1080 3465 1207 3552 ferum,
