2628 4116
100 216 220 289 111111]
522 213 636 270 umas.
1023 207 1066 274 45

103 381 154 446 Sic
173 377 269 442 nimis
290 377 452 440 insultans
475 377 615 440 extremo
637 379 702 440 tem
725 396 778 440 ora
800 396 893 442 saera

102 464 179 528 Fors
201 463 297 526 etiam
318 460 439 524 nostris
461 458 577 524 inridit
597 399 760 542 questiius
782 481 884 524 aures.
1017 471 1067 522 110

102 546 244 632 Iuppiter
265 544 484 628 omnipotens,
506 543 630 608 utinam
650 565 691 608 ne
713 546 856 628 tempore
878 544 981 628 primo

105 631 225 696 Gnosia
245 625 419 712 Cecropiae
440 627 625 711 tetigissent
645 627 740 692 litora
760 649 898 712 puppes,

103 714 264 780 indomito
284 733 345 776 nec
367 711 436 776 dira
457 710 562 776 ferens
585 711 745 796 stipendia
765 717 858 776 tauro

103 797 246 864 Perfidus
265 797 303 860 in
324 795 420 861 Oreta
440 795 608 880 religasset
627 797 737 861 navita
757 796 879 879 funem,

104 883 172 948 Nec
193 880 296 945 malus
316 879 370 944 hic
392 879 499 944 celans
521 879 606 945 dulci
628 880 767 945 crudelia
787 881 891 944 forma
1018 892 1066 942 175

106 965 248 1032 Consilia
270 965 304 1027 in
324 963 443 1028 nostris
464 963 641 1046 requiesset
662 963 788 1028 sedibus
809 963 940 1048 hospes!

105 1051 189 1116 Nam
211 1069 275 1132 quo
296 1069 347 1112 me
368 1047 527 1111 referam?
551 1047 639 1132 quali
660 1069 717 1132 spe
737 1046 862 1131 perdita
882 1047 989 1112 nitar?

106 1134 335 1200 Idomencosne
355 1133 464 1216 petam
485 1131 633 1196 montes?
657 1153 692 1215 a,
713 1131 841 1228 gurgite
862 1129 928 1194 lato
1017 1183 1018 1186 ,

86 1217 298 1283 'Discernens
319 1216 411 1300 ponti
432 1215 647 1280 muculentum
668 1215 724 1279 ubr
738 1213 851 1279 dividit
865 1213 1004 1312 aequor?

105 1305 159 1367 An
179 1299 280 1385 patris
295 1299 446 1364 auxilium
461 1298 606 1383 sperem?
629 1320 763 1384 quemne
782 1300 854 1382 ipsa
867 1298 996 1382 rehqui‚
1020 1310 1069 1360 180

106 1386 298 1469 Respersum
320 1384 466 1448 iuvenem
486 1383 629 1446 fraterna
651 1384 744 1448 caede
767 1382 897 1448 secuta?

105 1468 263 1554 ¹Coniugis
285 1489 327 1530 an
348 1466 412 1532 fido
435 1467 581 1532 consoler
602 1469 721 1532 memet
741 1487 866 1549 amore,

107 1553 210 1630 Quinc
231 1551 317 1636 fugit
337 1551 442 1614 lentos
463 1551 633 1616 incurrans
655 1550 782 1636 gurgite
804 1549 930 1616 remos?

106 1638 277 1702 Praeterea
295 1634 385 1698 nullo
407 1633 498 1717 litus,
521 1634 590 1698 sola
610 1634 730 1717 insula,
752 1636 852 1717 tecto,

106 1721 138 1786 N
140 1742 176 1785 ec
196 1721 288 1804 patet
309 1739 454 1803 egressus
475 1717 582 1802 pelagi
604 1717 805 1803 cingentibus
826 1717 935 1782 undis:
1023 1727 1070 1778 100

106 1805 206 1870 Nulla
227 1803 322 1887 fugae
343 1801 440 1884 ratic,
462 1801 552 1865 nulla
573 1823 659 1884 spes:
682 1801 791 1866 omnia
811 1804 913 1883 muta,

109 1887 227 1954 Omnia
247 1888 322 1950 sunt
342 1885 480 1966 deserta,
503 1887 668 1950 ostentant
688 1885 795 1950 omnia
815 1884 923 1948 letum.

106 1973 185 2038 Non
204 1973 314 2034 tamen
335 1971 408 2034 ante
428 1967 508 2034 mihi
530 1969 738 2054 languescent
758 1967 881 2032 lumina
902 1969 1019 2050 morte,

107 2057 178 2122 Nec
198 2055 287 2140 prius
309 2075 329 2117 a
349 2054 434 2118 fesso
456 2053 604 2118 secedant
625 2073 757 2136 corpore
779 2073 906 2135 sensus,

109 2141 212 2217 Quam
233 2139 351 2204 iustam
372 2159 391 2201 a
412 2136 493 2202 diris
515 2157 685 2220 exposcam
705 2136 832 2221 prodita
852 2136 1000 2218 multam,
1023 2145 1073 2196 100

109 2225 354 2305 caelestumque
375 2221 470 2285 fidem
491 2223 653 2305 postrema
674 2241 846 2318 conprecer
866 2220 954 2285 hora.

110 2308 214 2384 Quare
235 2306 322 2370 facta
342 2305 445 2369 virum
465 2305 638 2370 multantes
660 2305 785 2369 vindice
807 2325 925 2388 poena,

109 2390 318 2471 Eumenidas,
341 2389 454 2472 quibus
476 2389 618 2474 anguino
639 2389 788 2453 redimita
809 2388 924 2471 capillo

109 2475 213 2540 Frons
235 2473 408 2556 expirantis
429 2475 614 2556 praeportat
634 2473 773 2556 pectoris
795 2472 872 2554 iras,

108 2559 183 2623 Huc
205 2557 269 2620 huc
290 2556 472 2640 adventate,
495 2578 582 2622 meas
604 2556 710 2621 audite
732 2555 901 2640 querellas,
1026 2567 1074 2616 195

109 2642 198 2718 Quas
223 2661 284 2726 ego
305 2642 378 2704 rael
401 2641 516 2705 misera
538 2641 687 2704 extremis
708 2640 849 2725 proferre
871 2638 1017 2703 medullis

110 2726 221 2810 Cogor
241 2727 351 2808 inops,
375 2724 501 2808 ardens,
527 2725 647 2790 amenti
669 2745 763 2790 caeca
783 2724 900 2788 furore.

83 2855 95 2894 .·
110 2810 200 2886 Quae
222 2808 375 2892 quoniam
396 2830 488 2874 verae
508 2811 686 2874 nascuntur
705 2810 834 2892 pectore
856 2808 897 2871 ab
919 2807 998 2891 imo,

111 2893 181 2958 Vos
201 2892 303 2956 nolite
324 2892 393 2975 pati
414 2895 560 2958 nostrum
581 2912 751 2957 vanescere
773 2892 908 2974 luctum,

110 2977 176 3042 Sed
198 2976 285 3060 quali
307 2975 409 3040 solam
424 2975 571 3046 ¹Theseus
593 2997 644 3041 me
665 2979 772 3041 mente
793 2975 936 3058 reliquit,
1027 2986 1078 3036 000

110 3060 184 3124 Tali
206 3062 329 3142 mente,
352 3059 444 3142 deae,
466 3060 608 3124 funestet
629 3081 724 3143 seque
746 3066 904 3141 suosque!

154 3143 222 3210 Has
243 3145 413 3240 postquam
434 3147 556 3209 maesto
578 3143 722 3228 profudit
742 3144 870 3227 pectore
892 3160 1001 3223 voces,
1112 3141 1116 3150 ’

109 3227 314 3312 Supplicmm
336 3227 439 3292 saevis
461 3249 637 3312 exposcens
658 3226 754 3291 anxia
774 3225 882 3306 lactis,

74 3323 82 3448 ¹
109 3311 238 3376 Adnuit
258 3310 379 3375 invicto
403 3311 574 3378 caelestum
595 3311 726 3374 numine
747 3310 864 3392 rector,

108 3395 184 3472 Quo
206 3397 297 3459 motu
319 3393 414 3458 tellus
437 3399 531 3480 atque
552 3393 681 3458 horrida
703 3394 961 3458 contremuenmt
1030 3402 1079 3452 205

72 3454 79 3552 l
108 3484 265 3564 Aequora
286 3479 510 3564 concussitque
531 3477 683 3544 micantia
705 3477 807 3542 sidera
828 3477 974 3542 mundus.
