2636 4146
136 209 209 280 vu]
544 213 651 268 amaa
671 215 706 271 v.
1019 213 1099 278 ,107

179 371 341 456 Cepheam
361 374 415 439 hic
437 373 569 439 Meroen
590 375 741 461 fuscaque
763 400 796 442 re
819 400 862 442 na
884 384 993 463 canet,

134 454 198 520 Hic
219 457 337 522 referat
358 479 428 523 sero
451 459 633 524 confessum
654 461 781 528 foedere
831 463 971 529 arthum:

179 539 316 606 ‘Reddat
337 542 431 626 signa
451 541 553 627 Remi,
576 565 651 608 mox
672 544 762 610 dabit
782 546 850 628 ipse
872 568 944 611 sua:
1065 561 1100 612 eo

135 621 210 688 Sive
232 625 354 708 aliquid
376 626 532 710 pharetris
555 629 721 714 Augustus
742 633 852 713 parcet
873 630 961 714 Eois,

177 706 314 773 Differat
334 710 368 774 in
388 731 505 808 pueros
527 712 589 776 ista
609 715 741 796 tropaea
762 735 846 778 suos.

17 819 18 822 ¹
135 790 255 874 Gaude,
279 792 400 877 Crasse,
423 817 532 880 mgras
554 795 659 880 siquid
681 797 765 881 sapis
788 797 871 862 inter
891 798 1040 863 harenas:

177 875 229 940 Ire
249 899 307 961 per
327 877 515 961 Euphraten
536 878 575 943 ad
594 883 650 944 tua
671 880 765 944 busta
786 881 883 946 licet?

135 958 187 1025 Sic
209 963 337 1024 noctem
381 964 476 1045 atera,
499 963 545 1026 sic
566 963 680 1028 ducam
703 965 851 1049 carmine,
874 965 974 1031 donce
1064 979 1097 1029 85

176 1043 293 1108 Iniciet
313 984 420 1110 radios
441 1046 476 1110 in
497 1067 568 1111 mea
589 1048 664 1112 vina
686 1047 762 1113 dies.

538 1176 691 1186 ——.—-.

576 1260 655 1335 VH.

135 1381 217 1448 Sunt
239 1381 359 1466 aliquid
380 1381 508 1448 lllanes:
531 1383 629 1447 letum
652 1403 719 1448 non
734 1385 842 1449 otnnia
863 1385 944 1470 finit,
997 1334 1053 1462 (ff
1073 1326 1187 1410 mul
1201 1369 1233 1415 Ὤ

176 1466 356 1550 Luridaque
378 1467 498 1532 evictos
520 1468 633 1553 effugit
653 1469 766 1534 umbra
786 1490 892 1554 rogos.

134 1550 274 1632 Cynthia
294 1572 432 1636 namque
453 1573 525 1616 meo
547 1552 648 1616 visast
668 1553 851 1617 incumbere
872 1554 990 1636 fulcro,

176 1633 322 1698 Murmur
344 1635 384 1698 ad
406 1637 564 1699 extremae
585 1657 687 1719 nuper
707 1635 838 1700 humata
860 1637 943 1719 viae,

135 1716 216 1784 Cum
238 1719 317 1783 mihi
339 1740 468 1784 somnus
490 1718 530 1783 ab
553 1719 693 1802 exequiis
713 1719 867 1802 penderet
889 1721 1014 1804 amoris,
1080 1735 1096 1786 o

176 1801 221 1866 Et
242 1823 390 1886 quererer
412 1803 488 1867 lecti
509 1801 627 1886 frigida
647 1823 748 1887 regna
768 1803 841 1871 mei.

14 1875 19 1886 ⁸
134 1885 276 1952 Eosdem
297 1886 410 1952 habuit
431 1909 548 1970 secum,
572 1886 686 1970 quihus
708 1890 758 1950 est
779 1887 871 1970 elata,
895 1888 1038 1973 capillos,

177 1969 317 2035 Eosdem
339 1971 465 2036 oculos:
489 1971 580 2036 lateri
602 1971 698 2035 vestis
721 1969 833 2036 adusta
853 1971 931 2056 fuit,

135 2053 179 2120 Et
201 2055 331 2119 solitum
354 2054 386 2118 di
413 2057 455 2119 'to
478 2055 625 2138 beryllon
646 2054 794 2120 adederat
814 2056 915 2142 ignis,

177 2138 367 2224 Summaque
433 2139 545 2204 thaeus
565 2140 698 2204 triverat
718 2161 775 2204 ora
796 2139 911 2225 liquor.
1063 2155 1096 2206 10

136 2222 356 2308 Spirantisque
378 2225 502 2288 animos
525 2227 687 2290 atrocem
709 2225 812 2289 misit:
835 2226 938 2292 atilli

176 2307 352 2374 Pollicibus
374 2309 506 2394 fragiles
527 2309 712 2392 increpuere
732 2331 861 2374 manus:

135 2392 271 2456 ‘Perfida
291 2415 352 2458 nec
373 2393 520 2477 cuiquam
539 2394 652 2458 melior
674 2393 828 2476 sperande
849 2396 989 2480 puellae,

176 2475 216 2540 In
237 2480 269 2540 te
290 2477 355 2542 iarn
376 2478 459 2542 vires
481 2498 611 2542 somnus
626 2476 743 2541 habere
763 2479 891 2562 potest?

135 2560 244 2626 Iamne
266 2561 326 2626 tibi
349 2561 534 2627 exciderunt
554 2562 698 2648 uigilacis
720 2561 805 2626 furta
827 2561 966 2628 Suburae
1064 2579 1095 2628 ro

176 2645 221 2710 Et
241 2667 313 2710 mea
334 2647 499 2712 nocturnis
520 2647 598 2712 trita
618 2647 758 2712 fenestra
779 2646 883 2711 dolis?

135 2729 197 2794 Per
219 2751 313 2813 quam
335 2731 472 2796 demisso
495 2731 641 2814 quotiens
662 2730 723 2796 tibi
744 2731 820 2796 fune
841 2731 988 2816 pependi,

172 2815 314 2878 alterna
334 2815 465 2880 veniens
488 2815 599 2878 intua
621 2816 704 2880 colla
725 2818 836 2880 manu!

135 2898 236 2983 Saepe
261 2899 370 2964 Venus
391 2899 486 2963 trivio
511 2899 708 2982 conmissast,
730 2903 858 2982 pectore
879 2900 979 2964 mixto

177 2983 335 3048 Fecerunt
354 2984 478 3068 tepidas
499 2983 597 3067 pallia
617 2986 728 3047 nostra
748 2984 825 3047 vias.
1062 2997 1097 3050 20

135 3066 285 3134 Foederis
306 3066 369 3132 heu
390 3068 495 3152 taciti,
519 3067 607 3132 cuius
628 3067 755 3132 fallacia
776 3067 872 3132 verha

146 3135 169 3216 d
177 3152 209 3216 N
211 3174 254 3216 on
275 3153 414 3217 audituri
435 3153 593 3236 diripuere
614 3151 704 3217 Noti.

12 3235 13 3284 ἕ
134 3237 180 3301 At
194 3236 274 3302 mihi
288 3259 356 3302 non
371 3237 479 3302 oculos
495 3237 661 3321 quisquam
675 3235 859 3300 inclamavit
880 3237 999 3304 euntis:

176 3320 286 3386 Vnum
307 3322 518 3406 inpetrassem
539 3325 571 3384 te
592 3323 762 3385 revocante
784 3320 881 3385 diem:

12 3467 13 3470 ,
133 3403 203 3471 Nec
226 3405 349 3488 crepuit
369 3406 443 3469 fissa
463 3408 667 3489 me'proptor
688 3403 865 3470 harundine
887 3409 1004 3492 custos,
1062 3421 1095 3472 2⁵

177 3489 341 3556 haesitet
363 3490 522 3555 obiectum
544 3489 653 3575 tegula
676 3492 765 3554 curta
787 3494 892 3574 caput.
