2598 4136
93 225 150 294 m]
486 221 650 279 suimus.

94 384 247 450 Neurus
271 384 334 465 esi,
354 381 433 446 mihi
455 383 546 448 erede
552 433 561 466 ,
584 404 643 449 nse
664 385 793 468 pruina,

94 468 158 533 Sed
180 467 266 550 quod
288 469 403 550 sponte
425 488 481 530 sua
502 467 585 532 selei
605 469 739 552 remitti,

94 551 176 618 Cum
198 571 290 615 mens
312 553 361 614 est
379 549 527 634 pathicus
548 572 671 616 memor
692 553 828 636 puellae.

291 772 293 778 '
324 785 329 796 ’
407 773 413 782 “
447 761 697 837 XXXXVHH.
752 791 757 800 ’

93 887 141 952 Tu
164 886 354 970 quicumque
375 883 463 949 vides
486 885 570 950 eires
590 884 725 950 tectoria
746 889 855 951 nostra

134 970 212 1034 Non
233 969 368 1032 nimium
391 969 470 1032 casti
493 969 633 1033 earmina
654 969 749 1065 plena
770 970 832 1034 ioci
837 1019 847 1053 ,

93 1052 248 1120 Versibus
272 1052 437 1116 obscaenis
460 1051 579 1117 offendi
601 1052 724 1118 desme:
747 1055 883 1118 nonest

133 1137 281 1202 Mentula
302 1135 447 1200 subducti
468 1138 579 1200 nostru
600 1135 769 1219 supercilii.

498 1263 651 1274 ..α-ιι-ι-ο·

541 1348 592 1422 ‚L

93 1468 270 1553 Quaedam,
293 1471 321 1535 si
342 1471 448 1554 plausi
467 1469 530 1536 hoe
551 1469 626 1552 iibi,
650 1469 780 1554 Priape,

91 1553 307 1620 Fueosissima
328 1575 379 1618 me
400 1554 507 1638 puella
527 1551 624 1638 ludii,

91 1639 136 1704 Et
158 1659 221 1702 nee
242 1637 297 1702 dat
317 1637 410 1720 mihi,
432 1659 492 1702 nee
513 1639 612 1722 negat
633 1636 792 1719 daturam,
895 1655 900 1665 ·

92 1723 275 1804 Censusque
296 1721 420 1786 invenit
440 1741 539 1804 usque
562 1719 736 1790 differendi.

92 1807 182 1882 Quae
204 1805 233 1869 si
254 1805 425 1890 configerii
445 1803 580 1870 fruenda
599 1804 710 1889 nobis,

90 1890 208 1955 Totam
229 1889 391 1972 sutilibus,
412 1888 527 1972 Priape
547 1890 673 1971 noster,

90 1973 268 2058 Oingemus
289 1973 349 2037 tibi
370 1973 544 2036 meniulam
567 1973 702 2036 coronis.

543 2185 601 2258 LI.

89 2307 179 2384 Quid
199 2307 262 2371 hoe
282 2307 437 2392 negotisi,
460 2328 560 2390 quave
582 2307 723 2391 suspicer
745 2329 851 2392 eausa,
875 2347 877 2351 -

88 2391 212 2456 Venire
232 2391 268 2454 in
288 2389 417 2455 hortum
437 2390 592 2475 plurimos
613 2412 721 2456 meum
741 2391 843 2474 fures,

89 2475 191 2557 Cum,
215 2474 356 2558 quisquis
376 2475 412 2538 iu
433 2495 493 2540 nos
514 2474 628 2539 incidit
664 2475 733 2539 lusi
752 2495 886 2559 poenas,

87 2559 135 2624 Et
158 2579 258 2642 usque
281 2579 393 2623 curvos
415 2561 583 2623 exauveiur
605 2523 645 2622 ai
665 2557 813 2623 lumbos?

86 2643 170 2707 Non
190 2641 268 2706 fieus
288 2641 341 2706 hie
363 2645 412 2706 esi
432 2641 639 2726 praeferenda
661 2643 796 2726 vicinae,
844 2647 846 2651 '

86 2726 257 2809 Vuaeque,
279 2725 387 2809 quales
408 2725 489 2791 flava
509 2725 589 2811 legii
605 2727 718 2809 Areia,

86 2809 168 2874 Non
189 2809 286 2893 mula,
308 2813 428 2874 truncis
450 2809 624 2874 adserenda
644 2809 786 2892 Picenis,

85 2893 256 2976 Pirumue,
276 2895 378 2958 iunio·
390 2894 475 2976 quod
495 2893 636 2977 periculo
660 2897 781 2977 capies,

84 2977 122 3041 M
173 2975 259 3060 'sque
281 2995 353 3042 uera
373 2977 493 3042 luteum
514 2997 599 3041 nova
618 2999 756 3061 prunum

85 2997 280 3143 Soifumve,
302 3063 428 3126 venires
449 3061 587 3126 lubricos
608 3064 814 3127 moraturum.
1020 3071 1053 3120 10

82 3144 266 3230 Praesigne
287 3145 368 3208 rami
388 3165 449 3210 nee
469 3145 532 3209 mei
553 3145 662 3210 ferunt
682 3166 804 3209 morum

68 3227 254 3292 ‘Nucemve
275 3227 422 3312 longam,
446 3249 525 3312 quae
546 3232 677 3296 vocatur
698 3227 838 3309 Albana,

79 3313 175 3396 Amy
199 3309 345 3375 dalumve
365 3310 444 3376 flore
464 3333 621 3396 purpurae
643 3311 780 3395 fulgens,

77 3395 162 3462 Non
208 3395 399 3460 russicarum
420 3395 503 3460 ferre
525 3396 646 3480 glorior
668 3395 772 3459 caules

75 3479 241 3564 Betasve,
264 3480 397 3562 quamius
418 3478 530 3544 hortus
552 3479 664 3545 educat
684 3478 807 3563 nullus,
865 3556 887 3574 1,
1021 3491 1053 3538 15
