2632 4140
244 213 292 266 rr
620 201 835 258 66666666.
858 173 862 188 ’

306 371 504 444 1111‚25,1.
526 369 618 430 111666
636 372 716 428 recte
739 389 757 428 a
776 369 948 428 Burmannc
968 372 1001 428 et
1012 370 1210 448 Hertnbergio

246 457 390 532 accipitur
400 474 455 532 pro
466 454 655 515 substantivo
666 457 701 512 ut
712 454 790 528 apud
804 454 931 512 cundem
944 456 1064 528 poetam
1080 451 1147 534 [ΠΙ,
1161 459 1207 528 24,

248 536 300 618 16]
315 541 365 600 scd
378 557 424 599 mc
442 539 546 611 fallaci
559 540 695 598 66661666
707 539 770 596 1666
784 538 876 610 paca
891 541 1066 597 6666166666.
1097 539 1210 598 Similia

267 625 358 684 assim
376 623 459 682 alibi.

246 642 266 703 p
283 737 285 741 v
314 709 357 766 ib:
370 707 418 766 13.
440 707 498 766 Η16
512 705 594 782 quod
608 723 676 766 raro
691 704 910 766 animadvertas
926 705 1080 766 Tibullum
1094 726 1208 782 expres-
1278 759 1279 766 ,

246 791 287 851 sit
307 791 483 867 Propertius
508 788 604 849 isdem
628 790 717 865 plane
741 789 871 864 rythmis
895 807 929 848 ac
953 790 1080 849 totidem
1101 792 1208 850 uerbis.

246 875 325 934 Nem
341 875 420 951 apud
434 873 559 936 Albium
573 874 645 930 haec
660 876 731 932 sunt
747 868 782 951 [I,
799 874 828 946 8,
845 868 914 952 45]:

373 959 481 1018 tollere
495 959 562 1016 tum
576 959 676 1016 curast
690 957 774 1016 albos
788 975 806 1014 a
820 956 913 1032 stirpe
928 957 1060 1034 capillos.

310 1041 349 1117 V,
366 1046 400 1116 1,
417 1043 456 1102 29
476 1041 669 1118 Lypmonll,
685 1041 737 1114 R.,
758 1039 939 1116 1666666
961 1043 999 1100 cf.
1016 1039 1071 1102 od.
1087 1042 1209 1101 Mueller

164 1152 169 1161 *
247 1125 546 1200 6611116661363.

310 1212 352 1270 ib.
369 1212 419 1270 32.
441 1210 516 1270 Post
529 1209 608 1269 hunc
621 1229 651 1270 v.
668 1212 769 1285 aperte
784 1210 848 1295 bist
862 1211 967 1271 oratio.

310 1295 351 1352 ib.
368 1296 418 1353 33.
440 1293 498 1352 Hic
517 1312 620 1352 veram
639 1295 833 1369 scripturam,
855 1294 891 1352 de
912 1313 970 1369 qua
984 1295 1115 1352 multum
1130 1294 1207 1352 dubi·

247 1379 351 1438 terunt
371 1378 465 1451 docti,
492 1377 579 1435 unice
599 1377 731 1437 servavit
748 1377 827 1436 liber
847 1379 993 1454 optimus,
1019 1378 1052 1436 in
1071 1397 1130 1453 quo
1151 1381 1204 1436 est:

248 1465 354 1536 661666
381 1461 569 1522 suburbanae
601 1477 696 1534 poena
721 1463 823 1522 crimes
850 1463 922 1522 arbe
948 1462 1040 1522 616166
1069 1458 1206 1538 (Bacca

247 1543 342 1623 Itali).
371 1544 408 1604 Id
427 1545 507 1603 anim
529 1545 594 1604 uolt
612 1543 802 1619 Propertius,
823 1547 889 1604 turn
904 1564 971 1604 cum
985 1547 1110 1620 parvule
1123 1545 1208 1604 fucrit

247 1629 320 1708 urbs
335 1629 443 1702 Rome,
464 1628 564 1688 minus
586 1629 619 1688 in
638 1629 702 1688 cius
721 1629 830 1688 vicinia
848 1629 941 1689 fuisse
955 1629 1103 1703 Bovillas,
1124 1647 1206 1704 quam

248 1731 302 1772 suo
316 1715 462 1790 tempore,
477 1713 565 1788 plane
580 1714 658 1773 sicut
670 1711 817 1788 hodieque
831 1731 954 1789 magnas
969 1714 1059 1772 urbes
1074 1713 1206 1772 continuo

247 1796 432 1857 incremento
456 1797 551 1874 magis
571 1797 724 1874 magisque
747 1796 899 1857 admoveri
919 1796 1036 1872 oppidis
1061 1796 1205 1856 circumie-

248 1881 385 1942 centibus
398 1882 554 1954 videmns,
577 1881 671 1940 donec
691 1897 740 1939 eas
756 1880 967 1956 absorpserint.
998 1881 1077 1940 Tum
1091 1881 1207 1956 apparet

247 1967 354 2026 vv.-34
369 1967 400 2024 et
415 1967 455 2026 36
476 1965 557 2024 inter
576 1983 608 2024 se
628 1964 841 2040 permutandos
860 1965 944 2038 loco,
965 1965 1132 2040 posteriore
1146 1981 1206 2023 cum

247 2049 280 2109 id
295 2049 487 2126 significetur,
504 2049 626 2124 antiqua
641 2049 738 2106 aetate
752 2067 896 2126 magnum
910 2049 1002 2108 fuisse
1016 2049 1075 2108 iter
1084 2047 1207 2108 Fidenas

247 2133 439 2192 tendentibus
459 2133 567 2205 Roma,
590 2150 665 2206 quae
685 2149 739 2191 suo
764 2135 900 2208 tempore
926 2151 1019 2208 prope
1043 2132 1207 2192 immineret

247 2217 323 2289 illis,
347 2233 473 2291 cumque
492 2216 592 2292 priore
611 2215 731 2291 longius
758 2219 923 2290 exponatur
943 2218 1091 2276 sententia
1110 2232 1205 2278 versus

249 2301 305 2373 36,
326 2318 385 2374 quo
407 2299 443 2358 de
465 2299 588 2359 urbibus
603 2298 683 2358 Latii
704 2299 776 2358 olim
790 2301 973 2375 potentibus,
994 2319 1074 2360 nunc
1089 2299 1207 2360 desertis

248 2384 313 2458 agit
327 2384 444 2444 Sextus.
476 2383 627 2454 Quantum
647 2383 685 2441 ad
699 2385 739 2443 36
754 2386 885 2458 primum
905 2385 964 2443 fuit
978 2404 1013 2443 ex
1027 2385 1057 2444 N
1070 2385 1205 2460 recipien-

249 2467 320 2524 dum
334 2469 391 2528 isse
404 2487 458 2543 pro
474 2470 534 2538 ira·
549 2467 586 2526 cf.
602 2486 676 2542 quae
692 2467 820 2527 diximus
835 2468 911 2543 adl,
929 2471 957 2542 7,
976 2471 1024 2528 16.
1044 2469 1139 2528 Porro
1152 2469 1206 2526 iam

249 2568 324 2610 saec.
340 2550 397 2610 XV
418 2551 489 2610 Itali
508 2554 725 2627 perspexenmt
743 2553 856 2627 pariter
875 2571 893 2610 a
913 2571 1002 2613 sensu
1017 2551 1207 2613 communiae

249 2653 385 2694 sermone
405 2634 498 2694 latino
520 2634 678 2694 abhorrere
699 2631 747 2712 (ut
766 2637 896 2696 rationes
917 2637 1054 2696 metricas
1080 2630 1206 2708 mittam)

247 2718 302 2776 illa
326 2720 409 2794 cepe
422 2750 465 2760 —
478 2721 558 2792 cias,
584 2737 621 2777 ex
640 2719 749 2794 quibus
768 2720 825 2780 hoc
849 2723 953 2780 natum
978 2739 994 2779 6
1019 2721 1206 2796 praecedente

248 2801 388 2870 Fidenas,
410 2801 538 2860 alterum
553 2819 569 2860 6
584 2803 695 2878 166666,
711 2804 792 2880 quod
806 2805 858 2880 qui
873 2807 973 2864 ortum
987 2805 1027 2864 sit
1040 2807 1147 2880 ipsum,
1161 2819 1206 2864 ne-

248 2904 298 2946 mo
312 2904 374 2945 666
387 2885 479 2946 videt.
517 2885 581 2946 Oet.
597 2886 728 2962 61.ΠΠ,
747 2891 779 2960 1,
798 2889 847 2946 14.
876 2888 1012 2964 Denique
1026 2909 1081 2964 pro
1095 2891 1150 2949 bac
1161 2885 1207 2946 661

247 2969 368 3046 reposui
388 2975 473 3044 atquc
491 2972 534 3031 161
553 2973 723 3032 coniectura
744 2972 930 3031 6666166111.
977 2973 1056 3032 Nam
1075 2971 1208 3032 librarios

248 3055 341 3114 medii
361 3055 426 3115 aevi
449 3055 501 3131 qui
521 3057 672 3115 nescirent
686 3073 720 3116 ac
738 3075 800 3116 non
812 3057 890 3131 poni
909 3058 978 3115 ante
998 3058 1132 3117 vocalem
1152 3071 1206 3115 sae·

248 3139 370 3213 pissimo
398 3139 567 3200 breviorem
600 3140 729 3201 formam
763 3140 890 3216 longiori
920 3140 1099 3216 praetulisse
1126 3153 1208 3202 nemo

248 3220 378 3298 ignorat.
869 3251 871 3255 v

312 3307 353 3366 ib.
369 3307 411 3366 40
425 3324 462 3366 66
475 3307 555 3380 Itali,
570 3308 626 3368 bec
639 3308 669 3367 N
676 3307 712 3368 G.

313 3391 355 3448 ib.
371 3390 411 3448 46
426 3393 510 3462 cccc,
525 3391 618 3452 immo
633 3394 724 3451 66611.

312 3473 354 3532 ib.
370 3474 412 3533 50
425 3475 494 3534 iore
508 3473 647 3552 Vngerus
662 3493 712 3552 pg.
730 3476 780 3536 62.
