2632 4140
160 216 163 220 ·
224 213 267 275 44
612 218 805 286 euersam
1100 217 1195 288 [xm

289 379 329 444 Se
351 381 430 443 tima
452 380 521 444 iam=
538 380 653 463 plenae
675 378 839 444 deducitur
861 378 965 444 orbita
985 380 1093 462 lunae,

329 402 412 530 dum
434 463 472 527 de
494 485 546 528 me
568 463 660 528 etde
682 465 714 527 t‘e
737 463 876 546 compita
896 463 986 540 nulla
1006 467 1127 528 tacent:

289 545 416 612 Interea
436 547 531 610 nobis
552 568 620 611 non
639 567 812 630 numquam
834 547 929 611 ianua
949 547 1071 630 mollis,

330 630 407 695 Non
426 652 599 714 numquam
620 630 696 694 lecti
717 631 809 713 copia
830 630 915 694 facta
936 631 993 695 tui.

240 727 273 778 25
287 713 356 780 Nec
377 713 457 778 mihi
477 714 660 778 muneribus
680 734 745 777 nox
766 714 864 778 ullast
885 717 990 798 empta
1010 714 1126 778 beatis:

335 797 495 882 Quidquid
517 819 619 881 eram,
642 797 704 862 hoc
726 797 824 862 animi
844 800 949 882 gratia
968 819 1084 882 magna
1104 798 1166 864 tui.

291 881 372 946 Cum
393 885 426 946 te
446 885 512 946 tam
533 882 626 946 multi
647 883 809 966 peterem,
831 885 868 946 tu
888 903 940 945 me
961 903 1024 944 una
1044 883 1172 964 petisti:

333 965 469 1030 Possum
490 986 550 1051 ego
571 969 702 1031 naturae
723 987 790 1029 non
811 966 993 1030 meminisse
1013 965 1108 1030 tuae?

290 1049 372 1114 Tum
393 1071 444 1115 me
465 1050 517 1114 vel
538 1050 678 1135 tragicae
699 1049 819 1114 vexetis
841 1048 975 1132 Erinyes
997 1052 1030 1112 et
1049 1069 1101 1112 me

241 1147 275 1195 30
331 1133 461 1199 Inferno
484 1133 629 1218 damnes,
651 1135 770 1215 Aeaee,
793 1133 946 1216 indiam,-

290 1219 320 1281 A
357 1240 396 1282 ue
417 1219 501 1282 inter
522 1217 613 1314 Tityi
629 1217 771 1314 volueres
792 1239 863 1281 mea
883 1237 986 1301 poena
1008 1219 1158 1300 vagetur,

291 1300 954 1470 a0,thethidisttttttt
965 1321 1105 1448 etth

334 1468 456 1534 Vltima
476 1469 550 1534 talis
573 1469 647 1553 erit,
670 1491 749 1553 quae
772 1491 843 1534 mea
863 1469 966 1553 prima
985 1466 1087 1530 fides.-

242 1565 275 1614 35
289 1551 362 1616 Hoc
382 1552 462 1616 mihi
482 1556 636 1637 perpetuo
658 1553 707 1617 ius
729 1556 792 1636 est,
815 1553 899 1637 quod
920 1551 1006 1616 solus
1029 1552 1152 1616 anmtor

332 1635 402 1702 Nec
424 1637 487 1701 cito
510 1637 628 1702 desisto
650 1659 709 1702 nee
730 1641 848 1702 temere
869 1636 998 1720 insipie.

577 1853 682 1926 xm
709 1851 886 1977 [aaa
958 1909 960 1912 ·

291 1975 323 2040 A
366 1979 498 2041 uantum
520 1977 559 2042 de
580 1997 632 2040 me
652 1975 770 2040 Panthi
790 1974 851 2038 tibi
870 1974 988 2059 pagiua
1008 1973 1116 2056 finxit,

334 1997 471 2125 'dantum
492 2061 540 2125 illi
561 2059 686 2123 Pantho
705 2081 749 2122 ne
772 2059 814 2122 sit
835 2059 935 2122 amica
955 2057 1078 2122 Venus!

294 2142 356 2207 Sed
377 2145 438 2208 tibi
458 2145 522 2208 ism
543 2143 652 2209 videor
672 2141 809 2206 Dodona
829 2143 932 2207 verior
953 2164 992 2206 au
1036 2140 1073 2202 r?

333 2225 473 2292 onrem
495 2227 549 2290 ille
570 2230 643 2292 tuus
664 2226 797 2312 pulcher
818 2229 940 2290 amator
960 2225 1002 2288 ha
1025 2228 1065 2288 et.
1143 2245 1146 2248 ’

263 2307 359 2376 oTot
378 2314 489 2375 noctes
511 2311 648 2395 perierat
669 2309 751 2374 nihil
771 2309 890 2394 pudet?
913 2309 1033 2393 aspice,
1056 2309 1168 2372 cantat

332 2393 441 2460 Liber:
466 2398 504 2460 tu
524 2395 658 2459 nimium
680 2393 807 2460 credula
829 2396 897 2458 sola
917 2394 1009 2458 iaces.
1061 2413 1070 2426 ·

290 2476 335 2542 Et
355 2499 441 2542 nunc
462 2479 545 2542 inter
566 2500 621 2542 eos
642 2482 678 2544 tu
699 2478 837 2561 sermo's,
859 2481 891 2541 te
912 2477 967 2542 ille
988 2475 1143 2560 superbus

332 2559 420 2626 Dicit
442 2583 475 2626 se
497 2563 598 2626 invito
620 2583 713 2645 saepe
734 2561 832 2626 fuisse
854 2561 950 2627 domi.

290 2643 493 2730 Disperaam‚
517 2646 544 2710 si
565 2646 732 2729 quicquam
754 2645 839 2710 aliud
854 2667 948 2736 quam
966 2643 1069 2792 pluria
1091 2643 1130 2705 de
1154 2647 1190 2709 te

243 2742 275 2790 10
332 2729 513 2804 Quaeritur:
535 2727 594 2792 has
615 2729 723 2794 laudes
745 2730 799 2794 ille
820 2731 951 2793 maritus
996 2729 1077 2792 abet.

293 2811 447 2877 Colchida
468 2813 515 2876 sic
535 2811 652 2898 hospes
675 2813 834 2897 quondam
856 2813 981 2896 decepit
1000 2811 1112 2876 Iason:

332 2895 461 2960 Eiectae
483 2897 587 2962 tenuit
607 2917 745 2981 namque
766 2895 886 2973 ¹(lreusa
907 2897 1043 2960 domum.

291 2979 344 3045 Sic
366 3002 385 3044 a
405 2979 555 3046 Dulichio
577 2981 723 3047 iuvenest
743 2981 831 3046 elusa
853 2979 1004 3064 Calypso:

333 3063 425 3130 Vidit
445 3069 619 3130 amatorem
639 3064 778 3149 pandere
800 3065 870 3130 vela
892 3087 992 3129 suum.

185 3177 188 3182 ·
244 3160 273 3206 15
289 3148 320 3211 A
341 3149 475 3214 nimium
496 3149 605 3214 faciles
627 3170 734 3213 aurem
755 3149 905 3232 praebere
925 3148 1064 3232 puellae,

332 3229 455 3297 Discite
478 3233 620 3298 desertae
642 3253 709 3296 non
729 3236 848 3298 temere
870 3253 939 3298 esse
959 3233 1071 3296 bonae.

212 3403 215 3408 Ι
290 3312 376 3378 Hine
402 3337 526 3400 quoque
548 3318 602 3401 qui
628 3316 749 3382 restat?
778 3317 863 3466 iarnal
871 3317 994 3401 pridem
1024 3317 1194 3400 quaeritur

864 3406 927 3466 ter:

332 3479 473 3564 Experta
494 3483 668 3569 inprime,
692 3485 802 3570 stulta,
826 3507 935 3552 cavere
956 3488 1057 3570 potes.
