2636 4146
118 231 204 301 xmp
505 225 611 284 riona
633 231 695 287 nu
1040 230 1081 293 87

224 393 366 479 Longius
388 394 423 458 in
443 395 563 492 primo,
585 395 691 481 Luna,
714 419 837 462 morare
859 401 946 463 toro:
1048 409 1082 458 14

182 478 231 542 Tu
267 498 380 562 uoque,
397 499 452 562 qur
467 481 604 546 aestivos
619 482 790 564 spatiosius
806 483 906 567 exigis
921 483 1022 566 ignes,
1049 495 1078 542 11
1110 541 1113 547 ,
1221 527 1225 536 .

224 499 368 645 Phoebe,
391 567 570 630 moraturae
592 564 744 630 contrahe
766 566 846 630 lucis
869 567 938 630 iter.
1049 579 1078 626 ra

12 693 15 708 .
151 660 168 708 5
184 646 325 710 Foedera
346 649 422 711 sunt
442 647 591 731 ponenda
604 649 692 734 prius
707 650 924 735 signandaque
942 651 1011 714 iura
1048 663 1079 710 lo

104 765 111 776 ·
223 730 267 794 Et
288 730 457 795 scribenda
477 731 557 796 mihi
578 733 630 797 lex
651 733 686 798 in
708 755 815 798 amore
836 755 930 798 novo.

180 813 269 878 Haec
284 815 385 880 Amor
399 815 468 900 ipse
483 837 540 881 suo
558 817 757 902 constringet
770 819 904 903 pignera
926 819 1035 903 signo:

222 897 326 963 Testis
348 897 488 964 sidereae
508 903 579 964 tota
600 922 720 966 corona
742 901 827 966 deae.

181 982 282 1058 Quam
293 983 411 1047 multae
424 987 497 1048 ante
508 984 588 1048 meis
601 984 714 1049 cedent
724 986 923 1050 sermonibus
936 985 1042 1067 horae,

10 1140 12 1148 .
130 1079 164 1129 10
221 1066 336 1130 Dulcia
379 1089 452 1131 uam
473 1067 566 1132 nobis
589 1070 728 1134 concitet
754 1091 842 1134 arma
863 1067 987 1134 Venus!
1045 1082 1079 1131 ao

10 1149 11 1192 i
179 1149 326 1234 Namque
347 1172 369 1214 u
392 1150 403 1214 i
423 1172 491 1216 non
513 1155 600 1217 certo
616 1153 755 1217 vincitur
769 1153 897 1218 foedere
919 1153 1035 1235 lectus,

222 1233 299 1300 Non
318 1234 417 1300 habet
436 1235 557 1300 ultores
579 1257 644 1300 nox
665 1237 828 1322 vigilanda
850 1237 941 1317 deos,

179 1318 224 1382 Et
245 1318 359 1402 quibus
380 1319 536 1403 inposuit,
560 1320 655 1385 solvit
676 1342 752 1385 mox
774 1321 878 1386 vincla
899 1321 1015 1386 libido:

223 1401 418 1468 Contineant
437 1403 531 1468 nobis
555 1404 662 1468 omina
682 1403 786 1488 prima
806 1405 910 1470 fidem.

131 1501 163 1549 15
178 1485 224 1550 Er
248 1508 282 1570 o,
305 1487 359 1570 qui
380 1490 490 1570 pactas
512 1487 548 1552 in
568 1487 697 1554 foedera
717 1487 839 1572 ruperit
861 1511 945 1572 aras,
1046 1502 1079 1552 aa

222 1509 438 1654 lossueritque
458 1593 543 1637 novo
566 1593 656 1638 sacra
677 1574 792 1637 marita
811 1576 899 1656 toro,

180 1653 233 1719 llli
255 1655 321 1718 sint
342 1655 531 1738 quicumque
553 1656 658 1720 solent
678 1656 714 1720 in
735 1679 841 1721 amore
864 1658 1004 1740 dolores,

223 1739 267 1804 Et
288 1742 385 1822 caput
406 1743 537 1823 argutae
559 1741 709 1823 praebeat
729 1739 896 1823 historiae,

8 1885 9 1902 ,
180 1822 250 1888 Nee
271 1823 361 1888 flenti
383 1821 530 1888 dominae
551 1823 705 1906 patefiant
725 1827 820 1888 nocte
841 1824 1015 1888 fenestrae:

8 1909 10 2004 l
129 1921 165 1970 20
222 1907 354 1991 Semper
375 1909 474 1990 amet,
497 1906 603 1971 fructu
625 1929 750 1991 semper
771 1907 887 1972 amoris
910 1929 1017 1992 egens.
1045 1921 1081 1972 so

180 2243 216 2308 M
281 2265 336 2309 um
350 2245 410 2309 iter
425 2245 464 2308 ad
479 2244 588 2309 doctas
603 2245 762 2329 proficisci
777 2267 876 2330 cogor
890 2247 1049 2331 Athenas,

254 2331 341 2394 tme
362 2329 461 2413 longa
481 2329 572 2412 gravi
594 2329 697 2392 solvat
719 2350 826 2393 amore
848 2331 908 2394 via.
1098 2335 1103 2344 “

182 2411 306 2478 Crescit
327 2413 413 2477 enim
434 2411 564 2476 adsidue
586 2413 744 2495 spectanti
766 2435 841 2476 cura
861 2415 1001 2496 puellae:

224 2495 298 2580 Ipse
320 2496 472 2561 alimenta
493 2495 554 2560 sibi
575 2497 714 2563 maxima
735 2495 868 2580 praebet
889 2519 987 2562 amor.

152 2581 302 2646 nOmnia
323 2583 399 2645 sunt
418 2583 574 2665 temptata
594 2579 689 2664 mihi,
715 2601 910 2666 quacumque
931 2581 1039 2666 fugari
1078 2612 1079 2616 ¹

225 2664 345 2730 Possit:
368 2667 402 2729 at
424 2687 463 2729 ex
484 2664 572 2729 omni
593 2686 645 2730 me
666 2665 784 2748 premit
805 2665 866 2730 iste
888 2665 973 2729 deus.

182 2747 247 2813 Vix
260 2752 369 2813 tamen
383 2752 439 2812 aut
453 2749 552 2813 semel
566 2749 722 2832 admittit,
741 2771 817 2814 cum
832 2771 925 2834 saepe
939 2749 1080 2834 negarit:

226 2833 288 2898 Seu
308 2832 410 2916 venit,
434 2835 573 2896 extremo
596 2832 715 2898 dormit
735 2833 852 2898 amicta
873 2837 953 2898 toro.
982 2891 983 2895 ,

183 2917 291 2982 Vnum
313 2917 374 2981 erit
395 2916 562 2980 auxilium:
590 2913 720 2980 mutatis
743 2914 882 3000 Cynthia
903 2917 996 2982 terris

133 3016 168 3065 10
224 3001 385 3076 Quantum
407 3000 522 3082 oculis,
551 2999 658 3064 animo
679 3002 747 3064 tam
767 3001 880 3084 procul
900 3000 961 3064 ibit
982 2996 1108 3094 amor.}l

182 3085 278 3150 Nunc
292 3084 393 3168 agite,
409 3105 428 3148 o
444 3083 521 3150 socii
526 3133 535 3168 ,
550 3083 719 3168 propellite
732 3083 768 3148 in
782 3105 918 3167 aequora
932 3084 1053 3168 navim,

225 3169 459 3252 Remorumque
481 3189 572 3252 pares
595 3167 699 3232 ducite
722 3170 807 3232 sorte
828 3168 928 3251 vices,

183 3253 373 3336 Iungiteque
395 3255 536 3316 extremo
558 3251 664 3316 felicia
685 3251 785 3316 lintea
805 3252 904 3316 malo:

104 3399 107 3406 .
226 3335 295 3400 lam
316 3335 472 3420 liquidum
493 3335 598 3400 nautis
620 3356 697 3399 aura
720 3335 871 3400 secundat
892 3337 963 3403 iter.

134 3437 167 3485 15
182 3421 346 3485 Romanae
367 3423 472 3485 turres
495 3422 527 3484 et
547 3440 604 3483 vos
626 3419 757 3484 valeatis
780 3420 874 3484 amici

164 3513 169 3528 '
227 3503 472 3589 Qualiscumque
494 3503 573 3568 mihi
594 3507 691 3589 tuque
712 3503 818 3590 puella
838 3469 918 3570 vale.

7 2407 9 2478 l
