2630 4110
254 179 340 228 LXIV
632 167 845 224 PRAEFATIO.

254 357 327 398 num
348 355 414 396 cum
435 335 507 395 adeo
527 354 588 396 non
607 331 741 396 ‘fuissent
766 337 985 412 contemptores
1010 336 1085 398 artis
1109 339 1226 400 veteris

255 422 389 494 Latinae,
410 423 445 478 ut
463 421 547 478 illam
566 420 666 496 potius
686 421 806 479 novella
827 420 976 498 elegantia
993 421 1225 498 perpoliendam

256 523 344 580 quem
353 504 472 580 penitus
484 505 668 566 abiciendam
678 505 893 578 existimarent,
901 503 1037 565 Catullus
1049 525 1118 565 cum
1124 505 1225 566 Cinna

257 587 406 664 Caluoque
427 591 458 648 et
471 587 614 649 Bibaculo
635 591 667 648 et
687 588 765 663 siqui
784 589 868 648 fuere
883 589 1050 648 studiorum
1065 594 1224 651 consortes

256 675 290 730 ut
304 671 467 731 dictionum
481 671 523 731 its
534 673 674 732 metricae
685 673 824 748 antiquae
836 674 1057 749 apertissimum
1068 673 1226 734 declarant

256 755 396 814 taedium.
431 755 528 832 Igitur
552 775 613 816 non
637 756 790 816 varietatis
815 758 911 833 magis
938 760 1104 816 metrorum
1129 777 1224 834 qnam

256 840 463 900 concinnitatis
478 859 511 900 ac
525 841 630 900 nitoris
645 841 754 916 ubique
770 839 854 900 fuere
869 841 1003 915 studiosi,
1025 843 1083 900 toti
1096 841 1224 917 quidem

256 924 433 984 conformati
453 924 498 983 illi
520 925 557 982 ad
577 925 775 984 imitationem
790 923 980 999 Graecorum,
997 929 1027 984 et
1041 925 1223 984 Alexandri-

255 1025 362 1067 norum
382 1011 536 1085 poetarum
555 1009 768 1084 utplurimum
789 1012 957 1085 prementes
973 1010 1110 1085 vestigia.
1143 1009 1225 1070 Con-

255 1111 364 1168 gruum
386 1095 485 1152 autem
505 1092 611 1152 horum
626 1093 727 1154 evenit
746 1094 839 1168 auris,
860 1093 940 1168 quod
959 1094 1128 1154 severitatis
1144 1097 1223 1168 eius,

255 1195 313 1251 qua
330 1195 400 1236 mox
413 1177 573 1236 Horatium
591 1179 622 1234 et
635 1177 803 1252 Vergilium
824 1195 891 1236 cum
912 1178 1034 1253 reliquis
1049 1178 1224 1254 aequalium

255 1260 391 1320 videmus
413 1261 570 1333 excellere,
592 1260 689 1336 prima
710 1263 854 1335 apparent
868 1261 946 1336 apud
961 1261 1113 1322 Catullum
1128 1264 1222 1322 vesti-

255 1344 313 1419 gia,
329 1343 465 1418 quodque
480 1346 583 1402 extant
602 1362 677 1419 quae
697 1344 745 1402 hic
765 1344 814 1404 vel
828 1347 940 1405 maiore
955 1364 1044 1422 quam
1058 1346 1105 1404 illi
1119 1365 1224 1422 gesse·

255 1427 296 1486 rit
312 1428 455 1486 cautione.
569 1475 574 1480 .

317 1545 414 1603 Metra
429 1546 529 1604 autem
542 1543 691 1604 habentur
705 1546 784 1622 apud
800 1565 868 1606 eum
883 1547 970 1606 talia:

316 1645 340 1704 Ι.
363 1644 534 1704 hexameter
548 1644 616 1704 dact
603 1645 713 1722 tylicus
731 1643 766 1726 [c.
784 1648 833 1706 62.
851 1643 903 1726 64]

598 1760 960 1844 Ιῡ-ο-(Ι

455 1876 578 1944 seras(
596 1875 757 1945 Ι)σ·ὐ-υ
769 1876 852 1942 ,1““Ι
822 1897 887 1928 υ.υ
904 1859 928 1904 (“
921 1859 1004 1930 'r'o

337 1983 454 2042 Peliaco
470 1983 621 2078 quondam
633 1986 798 2058 prognatae
813 1983 925 2042 vertice
939 1983 1038 2070 pinus

337 2085 410 2142 quas
425 2084 481 2142 ego
495 2067 565 2126 vae!
581 2067 690 2124 misera
705 2067 845 2125 extremis
860 2067 995 2142 proferre
1011 2049 1163 2128 medullis

315 2183 355 2244 Π.
378 2181 525 2242 distichon
538 2183 702 2258 elegiacum
719 2177 755 2261 [c
773 2179 929 2263 65-116]

335 2502 390 2545 nec
404 2487 483 2562 potis
498 2488 544 2544 est
559 2485 652 2545 dulcis
665 2486 821 2545 Musarum
837 2503 1010 2560 expromere
1025 2485 1104 2546 setus

379 2589 462 2630 mens
477 2570 583 2645 animi3
599 2569 691 2630 tentis
706 2570 832 2628 fluctuat
846 2569 910 2644 ipsa
924 2571 1020 2629 melis.

337 2688 473 2748 Pedum
488 2688 756 2748 observantiae
778 2705 871 2762 quae
886 2689 1015 2746 essent
1028 2688 1065 2746 in
1080 2690 1222 2750 metris

251 2771 499 2834 Romanorum
525 2771 732 2847 dactylicis
754 2771 949 2830 docuimus
970 2771 1062 2830 libri
1090 2777 1219 2833 nostri

252 2857 440 2919 uolumine
455 2856 577 2916 ultera
592 2875 643 2932 pg.
662 2857 838 2914 137-167.
921 2893 922 2898 κ

314 2975 427 3036 Notum
447 2975 480 3033 in
501 2973 650 3051 prioribus
664 2975 806 3050 quattuor
825 2973 897 3032 locis
917 2973 1081 3032 hexametri
1100 2973 1219 3034 indiffe-

252 3063 353 3120 renter
372 3077 427 3136 pro
447 3059 565 3135 dactylo
590 3058 662 3134 poni
689 3057 863 3134 spondeum.
892 3057 947 3118 His
966 3058 1092 3134 pedibus
1112 3059 1220 3120 mixtis

252 3145 363 3204 intereo
384 3145 416 3203 11
435 3143 565 3204 confusis
586 3141 699 3218 optima
718 3141 819 3201 evenit
838 3141 950 3218 species
971 3161 1006 3202 ea
1020 3159 1109 3218 quam
1123 3141 1220 3203 habes

338 3447 419 3490 arma
434 3430 591 3506 virumque
607 3446 688 3503 cano,
706 3427 813 3487 Troiae
828 3430 879 3506 qui
893 3430 1007 3506 primus
1022 3427 1059 3487 ab
1074 3427 1144 3487 oris.
