2636 4146
83 184 128 252 u]
462 184 569 240 uranu
591 186 654 244 uu.
1006 185 1049 252 65

59 345 129 456 pAt
147 365 214 442 non
235 343 367 444 ingenio
391 347 569 446 quaesitum
591 369 709 414 nomen
732 349 771 414 ab
794 371 872 416 aeuo
895 367 911 505 Η
951 347 1062 476 prpo

47 356 73 562 p}
122 427 272 494 Excidet:
298 449 429 515 ingenie
452 433 517 496 stat
538 453 606 498 sine
625 435 730 498 morte
753 433 857 499 deeus.

81 763 178 832 Visus
201 787 289 830 eram
310 767 401 831 molli
422 767 578 832 recubans
600 767 765 836 Heliconis
788 770 822 835 in
844 771 972 854 umbra,

123 849 388 934 Bellerophontei
410 871 473 936 qua
492 851 564 915 fluit
585 873 678 917 umor
699 855 786 938 equi,

81 935 201 1082 Rapsa,
224 935 325 1018 Alba,
347 938 420 1000 tuos
443 938 475 1000 et
495 957 608 1021 regum
629 937 717 1002 faeta
736 941 879 1022 tuorum,

152 1022 261 1083 autum
284 1019 403 1102 operis,
426 1019 532 1085 nervis
553 1018 677 1086 hiscere
722 1042 793 1086 osse
815 1023 911 1106 meis,

81 1103 245 1186 Parvaque
265 1106 333 1166 tam
354 1105 480 1188 magnis
502 1101 666 1168 admoram
702 1106 830 1170 ontibus
853 1127 923 1191 ora,
1029 1121 1046 1172 t

26 1221 27 1224 ¹
122 1187 217 1252 Vnde
238 1191 330 1284 pater
351 1188 462 1252 sitiens
483 1187 608 1253 Ennius
630 1192 704 1254 ante
725 1189 821 1274 bibit,

80 1271 126 1336 Et
147 1272 248 1336 eeeim
270 1271 383 1338 Curios
405 1272 520 1337 fratres
542 1275 574 1336 et
594 1271 731 1338 Horatia
751 1275 832 1358 pila,

123 1355 288 1440 Begiaque
308 1356 447 1420 Aemilia
469 1359 560 1422 vecta
581 1359 713 1441 tropaea
733 1361 818 1442 rate,

84 1440 302 1524 Viebieesque
323 1461 429 1504 moras
451 1439 542 1505 Fabii
563 1463 768 1526 pugnamque
791 1442 953 1508 sinistram

124 1523 325 1589 Cannensem
348 1527 381 1590 et
401 1545 509 1590 versos
531 1525 572 1589 ad
593 1527 648 1609 pia
668 1530 743 1592 vota
764 1526 857 1610 deos,
1014 1541 1046 1590 10

81 1607 364 1692 Hannibalemque.
382 1607 479 1674 Lares
502 1609 647 1674 Romana
669 1611 743 1674 sede
764 1611 927 1696 fugantes,
1030 1641 1035 1649 ·

123 1693 258 1756 Anseris
280 1695 312 1756 et
332 1695 438 1758 tutum
459 1713 537 1757 voce
555 1693 655 1757 fuisse
676 1693 801 1779 Iovem3

82 1776 164 1842 Cum
186 1797 237 1840 me
259 1775 402 1842 Castalia
423 1777 590 1862 speculans
613 1799 651 1841 ex
672 1777 784 1842 arbore
805 1777 954 1842 Phoebus

124 1860 178 1926 Sia
199 1861 245 1924 ait
266 1865 376 1926 aurate
396 1862 490 1926 nixus
513 1860 554 1926 ad
575 1863 667 1925 antra
688 1862 770 1944 lyra:

83 1944 179 2020 ‘Quid
193 1944 253 2008 tibi
268 1965 340 2009 eum
353 1945 426 2028 tali,
443 1944 587 2028 demens,
603 1947 652 2008 est
665 1945 818 2010 flumine?
842 1945 912 2029 quis
927 1949 959 2010 te
1012 1958 1045 2010 1⁶

86 2075 89 2080 -
124 2027 283 2094 Carminis
304 2028 395 2094 heroi
416 2032 549 2112 tangere
569 2029 665 2094 iussit
685 2029 789 2113 opus?

81 2113 159 2179 Non
179 2112 256 2176 hine
276 2113 344 2176 ulia
363 2113 424 2176 tibi
445 2112 631 2197 sperandast
651 2113 754 2197 fama,
777 2113 938 2198 Properti:

122 2197 236 2261 Mollia
257 2199 332 2262 suut
353 2197 460 2280 parvis
481 2199 575 2280 prata
594 2199 727 2262 terenda
747 2198 841 2281 rotis,

82 2279 127 2346 Vt
147 2283 221 2345 tuus
243 2280 278 2344 in
300 2301 429 2346 scamno
451 2281 586 2346 iactetur
607 2301 702 2366 saepe
724 2282 865 2364 libellus,

123 2365 226 2442 Quem
247 2363 335 2448 legat
357 2367 527 2447 expectens
549 2365 619 2428 sola
638 2365 745 2448 puella
766 2365 877 2428 virum.
1011 2379 1045 2429 20

68 2448 147 2514 ‚Cur
167 2452 224 2513 tua
245 2449 440 2532 praescripto
462 2451 619 2514 seveetast
638 2448 759 2533 pagina
779 2447 881 2534 gyro?

122 2533 200 2600 Non
222 2535 272 2596 est
292 2531 415 2617 ingenii
438 2531 552 2616 cymba
572 2532 736 2630 gravanda
756 2533 814 2596 tui.

80 2619 174 2682 Alter
194 2637 301 2681 remus
323 2637 435 2714 aquas?
458 2617 539 2682 alter
559 2617 620 2682 ubi
640 2617 733 2681 radat
752 2615 902 2690 harenas:

122 2701 225 2766 Tutus
248 2701 325 2765 eris:
347 2700 453 2765 medlo
474 2701 614 2766 maxima
633 2701 729 2766 turba
749 2701 882 2766 marist?
968 2731 970 2741 ¹
1034 2734 1036 2742 ·

79 2783 229 2869 Dixerat,
253 2787 286 2849 et
305 2785 427 2868 pleetro
451 2784 558 2849 sedem
571 2784 652 2848 mihi
672 2789 830 2850 monstrat
852 2785 988 2868 eburno,
1011 2797 1044 2848 ab

123 2869 194 2946 Qua
214 2889 299 2933 nova
319 2889 467 2937 muscoso
490 2867 603 2932 semita
623 2868 711 2932 faeta
732 2869 842 2932 solost.

79 2952 145 3018 Hie
168 2956 235 3018 erat
256 2952 367 3018 adfixis
389 2951 499 3018 viridis
521 2953 673 3036 spelunea
693 2951 828 3035 lapillis,

121 3037 372 3120 Pendebantque
395 3036 479 3101 cavis
499 3038 652 3120 tympana
671 3035 860 3120 pumicibus.

28 3155 29 3160 κ
79 3121 126 3186 Or
155 3121 184 3184 ’a
206 3123 383 3186 mustarum
405 3124 438 3186 et
459 3120 558 3186 Sileni
579 3119 679 3204 patris
694 3120 800 3205 imago

154 3205 248 3270 'utilis
270 3208 304 3269 et
324 3205 454 3288 calami,
477 3203 547 3270 Pan
568 3204 727 3289 Tegeaee,
749 3203 811 3287 tui,
1012 3215 1046 3267 30
1120 3211 1122 3215 ’

77 3289 123 3356 Et
137 3287 275 3355 Veneris
291 3288 438 3355 dominae
451 3289 612 3372 volueres,
629 3308 701 3352 mea
713 3287 822 3370 trube,
838 3287 1003 3353 columbae

120 3373 271 3459 'lingunt
292 3372 458 3458 Gorgonis
480 3372 601 3437 Punica
620 3373 726 3437 rostra
746 3373 831 3456 laen,

76 3457 296 3541 Diversaeque
317 3479 434 3522 novem
456 3457 586 3522 sortitae
606 3478 680 3520 rura
700 3457 824 3542 puellae

126 3561 282 3601 anamma
876 3563 894 3614 ι
