2666 4138
4 231 5 234 ‘
94 235 186 308 1111]
505 233 655 288 11011111.
1028 229 1065 294 11

94 399 168 464 Nec
190 395 616 476 10000111101111111011101100,
640 416 734 478 quem
749 394 887 459 Tuscula
908 396 1003 460 tellus

142 478 350 562 Candidaque
372 479 503 563 antiquo
526 478 648 542 detinet
669 479 753 544 Alba
774 479 863 544 Lare.

95 565 248 648 Namque
271 564 385 648 opibus
408 565 562 646 congesta
582 563 647 626 tuis
668 561 722 626 hic
743 563 852 647 glarca
873 563 952 628 dura

66 726 68 734 Ι
142 649 319 730 Sternitur,
341 646 394 710 hic
416 649 490 730 apta
511 647 654 731 iungitur
676 649 743 710 arte
766 647 854 712 silex.
1033 659 1068 710 00

69 810 71 818 y
98 734 146 798 Te
170 732 258 798 canit
280 731 435 815 agricola,
459 752 476 794 0
498 752 551 794 ma
574 753 617 794 na
639 752 711 794 oum
732 731 856 794 venerit
877 732 956 796 urbe

71 874 73 887 .
143 816 240 882 Serus
261 815 454 879 inoffensum
475 818 539 879 1011
574 815 696 898 eritque
718 815 840 898 pedem.

3 981 4 984 Ἴ
63 921 77 1009 p
100 903 147 966 At
167 903 217 983 tu,
240 899 357 963 natalis
379 899 498 962 multos
521 897 708 964 celebrande
730 920 788 981 per
809 919 927 982 annos,
990 947 992 952 -

3 1005 4 1052 ἱ
61 1012 83 1060 a,
143 984 319 1050 Candidior
340 1003 465 1068 semper
487 983 713 1066 candidiorque
735 983 819 1046 veni.

509 1112 661 1122 --—--——·

533 1195 629 1269 VHI.

99 1322 180 1388 Non
201 1342 218 1384 e
242 1341 260 1383 o
284 1319 379 1384 celari
399 1339 546 1404 possum,
568 1317 644 1401 quid
665 1321 762 1382 nutus
785 1319 922 1382 amantis

146 1341 268 1481 Quidve
289 1403 396 1468 ferant
416 1405 487 1467 miti
509 1403 595 1467 lenia
615 1402 712 1466 verba
733 1423 821 1467 sono.
954 1431 961 1444 ·

99 1490 173 1556 Nec
195 1487 274 1552 mihi
296 1490 372 1552 sunt
393 1490 493 1552 sortes
515 1509 574 1551 nec
597 1487 725 1550 conscia
746 1485 826 1550 fibra
848 1487 995 1571 deorum,

145 1571 307 1638 Praecinit
330 1574 461 1636 eventus
484 1593 543 1636 nec
565 1569 643 1635 mihi
668 1572 779 1634 cantus
802 1571 883 1634 avis:

100 1658 180 1742 Ipsa
201 1655 310 1720 Venus
332 1677 384 1718 ma
410 1655 457 1719 'oo
479 1655 650 1739 religatum
671 1653 802 1718 brachia
822 1655 907 1718 nodo
983 1697 988 1706 ·
1052 1669 1068 1718 o

145 1740 316 1805 Perdocuit
337 1762 390 1802 mu
404 1740 445 1802 tis
467 1760 534 1803 non
556 1740 624 1802 sine
646 1737 840 1802 verberibus.

101 1825 224 1891 Desine
245 1823 459 1889 dissimulare:
483 1823 559 1887 deus
582 1821 739 1886 crudelius
761 1822 840 1904 urit,
966 1896 967 1900 Ἰ

146 1909 232 1984 Quos
254 1907 340 1971 videt
361 1907 480 1971 invitos
503 1905 706 1970 succubuisse
729 1904 798 1968 sibi.

102 1992 191 2076 Quid
213 1991 273 2056 tibi
295 2013 380 2056 nuno
401 1992 514 2055 molles
537 1989 668 2074 prodest
689 1988 824 2054 coluisse
847 1989 978 2072 capillos

147 2076 309 2160 Saepeque
331 2077 468 2140 mutatas
491 2075 685 2158 disposuisse
708 2094 829 2156 comas,
1037 2085 1070 2137 10

101 2161 189 2238 Quid
211 2160 283 2224 fuco
306 2182 321 2223 s
344 2159 492 2224 lendente
514 2179 613 2244 genas
636 2179 762 2240 ornare,
787 2157 862 2242 quid
884 2178 1008 2242 ungues

146 2244 288 2308 Artificis
333 2247 404 2308 octa
427 2244 624 2308 subsecuisse
646 2241 764 2306 manu?

100 2331 237 2396 Frustra
257 2329 322 2391 iam
343 2330 462 2410 vestes,
484 2327 603 2391 frustra
624 2330 789 2391 mutantur
812 2326 963 2410 amictus,

145 2414 298 2496 Ansaque
321 2433 509 2495 conpressos
532 2412 664 2495 colligat
685 2413 754 2474 arta
775 2410 881 2494 pedes.

99 2499 168 2563 Illa
187 2496 306 2580 placet,
330 2497 473 2580 quamvis
495 2495 617 2559 inculto
640 2495 763 2558 10110111
784 2515 839 2558 010
1040 2507 1071 2557 11

146 2581 216 2650 Neo
236 2580 373 2644 nitidum
394 2579 486 2644 tarda
508 2579 680 2664 compserit
701 2581 769 2642 arte
791 2581 896 2663 caput.

100 2667 193 2734 Num
214 2667 246 2728 te
268 2665 476 2747 carminibus,
498 2686 576 2727 num
596 2667 629 2728 10
650 2663 846 2748 pollentibus
868 2662 975 2728 herbis

146 2749 286 2814 Devovit
307 2749 404 2814 tacito
427 2751 571 2831 tempore
593 2747 698 2812 noctis
722 2747 824 2812 anus?

101 2835 229 2901 Cantus
250 2833 494 2918 vicinis-fruges
516 2831 655 2896 traducit
677 2833 716 2894 ab
740 2832 839 2916 agris,

147 2916 270 2982 Cantus
293 2921 325 2981 et
346 2919 445 2982 iratae
468 2916 590 2980 detinet
612 2917 725 3000 anguis
747 2917 823 2998 iter,
1039 2925 1073 2977 20

100 3002 226 3070 Cantus
249 3004 282 3066 01
304 3023 320 3065 0
343 3023 436 3066 curru
458 3000 582 3064 Lunam
604 2999 757 3064 deducere
779 3001 929 3082 temptat,

146 3085 193 3150 Et
213 3087 345 3169 faceret,
373 3087 400 3150 si
422 3107 488 3150 non
511 3105 584 3149 0010
605 3085 732 3168 repulsa
754 3089 878 3148 sonent.

99 3169 190 3248 Quid
212 3190 327 3254 queror
353 3169 417 3234 heu
438 3171 553 3234 misero
584 3166 902 3313 carmenhnqpuiqse,
932 3164 1008 3248 quid

739 3273 772 3314 cr
795 3271 829 3312 as

146 3339 265 3403 Forma
286 3337 367 3402 nihil
389 3339 523 3422 magicis
545 3337 645 3400 utitur
667 3334 808 3398 auxiliis:

96 3422 170 3494 Sed
191 3444 306 3506 corpus
328 3423 385 3486 teti
410 3423 472 3486 isse
494 3423 603 3503 nocet,
627 3419 683 3483 scd
704 3419 802 3502 longa
824 3417 948 3486 dedisse
1039 3431 1072 3481 10

146 3505 282 3589 Oscula,
306 3507 361 3572 sed
382 3445 496 3571 lgemori
519 3505 716 3570 conseruisse
737 3503 848 3570 femur.

155 3609 282 3650 vannvs.
905 3610 922 3658 2
