2628 4116
261 215 301 280 72
662 217 814 274 curvum
1138 213 1221 298 [cnr.
1296 225 1297 314 l

324 381 386 446 Sed
399 381 507 446 cuivis
530 380 672 464 quamvis
695 381 801 464 potius
823 379 1026 444 succumbere
1047 400 1105 463 par
1127 384 1191 464 est,

366 465 468 541 Quam
489 468 623 529 matrem
644 465 758 528 fratres
780 463 900 547 efficere
921 486 959 528 ex
981 466 1104 548 patruo·

664 593 816 604 *-

686 676 793 752 unu.

322 800 444 866 Multus
464 800 561 865 homo
585 821 618 864 es
638 799 741 883 Nam,
770 821 873 883 neque
897 803 1002 864 tecum
1022 800 1141 896 multus
1164 800 1224 866 hc·

365 969 553 1050 Descendit:
575 969 679 1051 Naso,
702 969 821 1032 multus
844 888 1108 1052 edlddtpdtuliicus.

665 1098 817 1108 -—-—-

677 1181 801 1254 CXIII.

325 1304 465 1371 Consule
486 1303 640 1450 Pomfeio
662 1303 801 1387 primum
823 1303 901 1387 duc,
924 1303 1041 1386 Cinna,
1064 1303 1214 1368 solebant

366 1388 546 1452 Mucillam:
584 1390 654 1451 acto
678 1387 808 1451 consule
829 1409 916 1452 nunc
937 1388 1051 1451 iterum

325 1472 514 1537 Manserunt
535 1471 613 1554 duo,
635 1471 692 1536 scd
714 1473 881 1536 creverunt
901 1471 990 1535 milia
1010 1471 1045 1534 in
1065 1493 1167 1535 unum

368 1555 511 1640 Singula.
540 1555 712 1620 fecundum
734 1577 843 1620 semen
865 1555 1051 1620 adulterio„

673 1731 820 1843 (turma¹

325 1890 476 1958 Firmano
500 1893 583 1956 saltu
604 1912 672 1956 non
692 1891 775 1956 falso
797 1891 940 1956 Mentula
961 1891 1049 1956 dives

367 1976 497 2060 Fertur,
521 1977 575 2060 qui
596 1979 647 2040 tot
667 1997 718 2040 res
739 1976 774 2039 in
796 1997 829 2040 se
851 1975 948 2040 habel
969 1976 1129 2062 egregias,

325 2061 523 2143 Aucupium‚
552 2081 646 2123 omne
673 2079 775 2144 genus
802 2060 915 2143 piscis,
941 2063 1046 2144 prata,
1080 2081 1155 2124 arva
1182 2059 1228 2124 fe·

868 2165 919 2208 ras
942 2165 991 2208 ue.

368 2224 583 2310 Nequiquam:
605 2227 726 2291 fructus
749 2165 1109 2312 sumptibusqexuperat.

294 2310 429 2386 uQuare
452 2310 592 2374 concedo
615 2311 658 2374 sit
679 2310 782 2394 dives,
805 2311 880 2376 dum
902 2311 1010 2376 onmia
1031 2311 1145 2376 desint.

370 2393 492 2459 Saltum
513 2393 691 2478 laudemus,
714 2395 790 2459 dum
811 2395 906 2460 modo
929 2417 962 2462 ec
984 2397 1052 2478 ipse
1074 2397 1177 2480 egeat

669 2526 820 2536 ——.—..

692 2609 796 2684 CXV.

327 2730 472 2797 Mentula
491 2729 590 2796 habes
611 2731 713 2796 instar
733 2732 867 2816 triginta
888 2732 999 2817 iugera
1020 2731 1119 2816 prati,

371 2815 587 2900 Quadraginta
608 2817 688 2880 arvi:
712 2819 817 2881 cetera
838 2819 914 2880 sunt
933 2816 1040 2880 maria.

329 2899 393 2966 Cur
412 2921 480 2965 non
501 2899 620 2964 divitiis
643 2899 796 2966 Croesum
818 2921 965 2984 superare
986 2899 1116 2982 potissit

370 2983 444 3050 Vno
466 2984 521 3069 qui
542 2984 577 3048 in
599 2985 682 3048 saltu
703 2985 848 3048 tctmoda
868 2983 1046 3068 possideat,

295 3068 438 3154 cPrata,
461 3090 550 3152 arva,
572 3069 719 3153 ingentes
736 3068 832 3132 silvas
849 3069 1011 3152 saltusque
1032 3067 1234 3151 paludesque

369 3152 478 3238 Vsque
501 3153 541 3217 ad
562 3151 787 3236 Hyperboreos
817 3155 850 3217 et
870 3173 957 3216 mare
980 3151 1020 3215 ad
1042 3151 1233 3216 Oceanum?

329 3237 445 3302 Omnia
465 3258 583 3322 magna
603 3235 682 3301 haec
705 3238 794 3321 sunt,
820 3240 928 3384 tamqn
955 3235 1049 3319 ipse's
1072 3237 1235 3301 maximus

873 3345 895 3386 u
908 3324 959 3384 tro

369 3404 446 3470 Non
467 3404 579 3489 home,
602 3405 658 3470 sed
680 3426 754 3470 vero
776 3405 918 3471 mentula
939 3369 1058 3489 niagna
1079 3405 1202 3470 minax.
