2598 4136
98 239 229 307 mm]
508 235 673 292 PRIAPEA.

502 375 509 386 '
544 399 623 474 xv,

101 524 273 592 Oonmisso
294 521 376 587 mihi
397 541 465 586 non
486 522 563 586 satis
585 522 745 586 modestus

101 608 300 691 Quicumque
323 605 466 670 attulerit
486 626 598 670 manus
620 605 741 690 agello,
763 621 769 626 '

100 694 134 757 ls
157 713 210 758 me
232 689 349 756 sentiet
370 709 528 754 essenon
549 689 732 772 spadonem.

101 775 199 841 Dicat
220 775 357 840 forsitan
377 772 456 837 haee
478 773 539 838 sibi
560 773 635 838 iste:
659 779 770 837 ‘nemo

101 861 166 925 Hic
187 860 272 923 inter
292 857 424 922 frutices
446 855 517 922 loco
538 860 662 922 remoto

101 943 301 1010 Perseissum
323 941 404 1006 sciet
424 961 493 1004 esse
514 947 592 1025 me,’
616 941 672 1006 sed
694 943 786 1006 errat.

101 1027 234 1113 Magnis
255 1025 391 1091 testibus
412 1025 475 1090 ista
495 1045 545 1090 res
568 1027 690 1109 agetur.

510 1164 652 1174 -u-——n

498 1291 501 1298 ·
539 1254 634 1328 XVI.

101 1378 258 1456 Qualibus
279 1376 324 1442 Hi
369 1397 499 1442 omenes
520 1377 627 1462 rapuit
648 1375 844 1442 Schoeneida
865 1377 986 1461 pomis,

145 1461 300 1538 Qualibus
356 1461 535 1545 esperidum
556 1461 674 1526 nobilis
696 1459 808 1526 hortus
833 1465 915 1546 erat,

102 1547 218 1622 Qualia
239 1545 422 1613 credibilest
443 1545 635 1630 spatiantem
656 1565 728 1610 rure
749 1547 882 1628 paterno

143 1629 328 1694 Nausicaan
348 1629 445 1713 pleno
468 1650 561 1714 saepe
582 1629 694 1693 tulisse
717 1629 804 1712 sinu,

100 1715 205 1790 Quale
227 1713 289 1778 fuit
310 1713 443 1796 malum,
466 1713 550 1797 quod
572 1713 664 1777 litera
684 1713 791 1796 pinxit
810 1712 944 1798 Aconti,
1050 1725 1067 1773 c

144 1797 218 1873 Qua
238 1796 322 1861 lecta
342 1796 456 1881 cupido
501 1800 572 1861 acta
592 1795 700 1880 puella
720 1795 836 1860 virost:

99 1881 195 1946 Talia
217 1881 355 1964 quinque
376 1901 455 1964 puer
476 1819 598 1946 domini
619 1880 763 1944 florentis
784 1879 880 1964 agelli

142 1965 296 2050 Inposuit
316 1985 458 2048 mensae,
480 1965 564 2030 nude
585 1961 716 2046 Priape,
739 1965 821 2026 tuae.

507 2101 661 2113 ,ψη-...αν-

525 2194 636 2267 XVII.

99 2317 189 2395 Quid
210 2336 335 2380 mecum
356 2316 431 2398 tibi,
454 2317 582 2382 circitor
602 2317 759 2382 moleste?

102 2403 155 2467 Ad
178 2422 231 2465 me
252 2399 327 2484 quid
347 2399 498 2484 prohibes
521 2401 628 2465 venire
648 2400 773 2466 finem?

101 2485 247 2551 Accedat
268 2485 352 2549 sine:
374 2484 477 2549 laxior
496 2484 621 2548 redibIt.

513 2613 656 2624 ——-

519 2697 649 2786 XVIII,

102 2819 324 2888 Comnioditas
344 2819 424 2886 haec
446 2823 495 2884 est
515 2821 551 2884 in
571 2823 681 2885 nostro
704 2821 841 2886 maxima
861 2842 957 2906 pene,

146 2905 236 2969 Laxa
257 2903 342 2988 quod
364 2925 432 2970 esse
453 2903 533 2968 mihi
553 2903 674 2968 femina
694 2906 782 2970 nulla
802 2907 918 2989 potest.

511 3031 652 3042 —n-a—uux

507 3116 657 3194 XVIIII.

99 3247 280 3331 Ecquando
302 3247 473 3312 Telethusa
494 3249 689 3332 circulatrix,

100 3331 190 3407 Quae
215 3331 340 3396 clunem
361 3333 470 3396 bmica
489 3335 619 3418 tegente
641 3332 730 3406 nulla

99 3415 214 3482 Sis’uis
237 3415 343 3498 aptius
365 3417 528 3500 acriusque
549 3419 665 3500 motat,

99 3499 262 3566 Orissabit
283 3498 343 3563 tibi
363 3499 535 3566 linamente
556 3500 680 3585 lumbo,

1030 3585 1052 3602 r)

882 3597 916 3651 r·
1013 3617 1017 3629 -

1008 3644 1011 3655 l

1013 3651 1067 3690 10¹¹

1058 3691 1077 3714 ΙΙ
