2636 4146
82 174 182 244 nun]
471 177 578 232 ureae
599 180 662 236 ΠΗ.

82 335 149 400 Lex
170 337 270 422 igitur
292 339 449 422 Spartana
469 343 557 404 vetat
579 341 723 406 secedere
746 345 904 427 amantes,

124 421 169 486 Et
189 422 266 488 lieet
287 423 322 487 in
342 424 446 488 triviis
469 424 508 488 ad
530 425 613 489 latus
635 447 703 490 esse
726 447 815 508 suae,

81 504 152 571 Nee
173 506 270 571 timor
292 510 347 572 aut
367 507 466 572 ullast
488 509 611 573 clausae
633 510 735 573 tutela
756 511 880 593 puellae

124 589 194 656 Nea
214 591 322 676 gravis
348 592 465 656 austeri
486 614 591 676 poena
612 593 752 658 cavenda
775 594 841 658 viri.

81 673 181 740 Nullo
204 675 378 759 praemisso
401 675 556 740 derebus
579 679 648 742 tute
670 678 808 761 loquaris
1013 690 1045 740 25

124 757 197 842 Ipse
218 759 298 824 tuis:
321 759 437 846 longae
458 761 547 824 nulla
567 761 694 844 repulsa
715 784 831 826 morae.

79 840 158 907 Non
179 841 292 926 Tyriae
314 847 417 908 vestes
441 846 578 908 errantia
599 845 720 910 lumina
740 845 871 928 fallunt,

124 925 185 990 Est
205 947 308 1010 noque
331 927 479 992 odoratae
502 950 577 992 eura
597 931 733 993 molesta
754 951 872 994 comae.

10 1039 11 1042 ¹
82 1011 131 1074 At
151 1015 262 1074 nostra
283 1012 409 1096 ingenti
429 1012 517 1076 vadit
538 1011 733 1078 circumdata
753 1014 846 1078 turba
852 1063 861 1096 ,

10 1169 11 1184 2
124 1093 193 1160 Nee
215 1094 351 1180 digitum
373 1099 542 1181 angustast
560 1097 731 1162 inseruisse
752 1097 818 1180 via,
967 1111 1044 1160 eo
1083 1091 1182 1208 diupo

80 1177 114 1244 N
116 1200 151 1242 eo
171 1199 252 1262 quae
274 1180 339 1246 sint
357 1180 456 1244 facies
471 1202 530 1245 neo
545 1202 625 1265 quae
640 1181 705 1245 sint
719 1181 816 1245 verba
830 1181 980 1266 rogandi,

10 1313 11 1320 ,
124 1260 286 1328 Invenias:
310 1285 437 1328 caecum
459 1269 564 1329 versat
585 1268 707 1340 amator
729 1265 798 1330 iter.

10 1343 11 1348 ’
82 1345 175 1422 Quod
197 1347 225 1428 si
246 1348 316 1411 iura
336 1349 422 1412 fores
444 1367 631 1434 pugnasque
653 1347 779 1413 imitata
799 1347 974 1432 Laeonum,

125 1427 236 1495 Carior
257 1430 318 1498 hoo
341 1453 425 1497 esses
448 1437 483 1496 tu
505 1432 598 1517 mihi,
622 1432 736 1517 Roma,
759 1433 855 1499 bono

444 1647 549 1719 nnn
577 1643 685 1746 [nvp

10 1771 11 1780 ’
82 1768 135 1834 sie
157 1789 217 1854 ego
239 1789 306 1834 non
327 1769 410 1834 ullos
433 1769 496 1832 iam
518 1769 623 1832 norim
646 1769 679 1832 in
702 1789 808 1832 amore
830 1770 1000 1853 tumultus,

10 1891 12 1910 i
124 1851 192 1918 Neo
214 1853 322 1917 veniat
343 1853 412 1917 sine
434 1855 466 1916 te
487 1873 553 1916 nox
574 1852 738 1937 vigilanda
759 1851 853 1916 mihi:

10 1929 11 2002 ἶ
80 1936 127 2001 Vt
147 1936 226 2002 milri
248 1939 429 2020 praetextae
450 1936 553 2021 pudor
575 1939 624 2000 est
645 1937 767 2001 velatus
791 1938 922 2021 amictu,

123 2019 167 2084 Et
188 2021 262 2084 data
283 2021 415 2086 libertas
437 2041 568 2085 noscere
590 2021 707 2085 amoris
729 2021 803 2104 iter,
851 2095 853 2098 v

10 2125 11 2150 ³
80 2104 142 2168 Illa
162 2104 256 2168 rudes
279 2105 402 2170 animos
422 2127 480 2189 per
501 2108 609 2170 noctes
633 2107 761 2170 conseia
782 2105 901 2189 primas
1024 2119 1042 2169 5

125 2187 244 2252 Imbuit
264 2188 327 2254 heu
347 2189 445 2253 nullis
467 2193 559 2274 eapte
580 2189 724 2273 Lycinna
748 2190 839 2254 datis.

80 2272 205 2337 Tertius
227 2273 313 2337 haud
334 2275 435 2338 multo
457 2274 563 2337 minus
585 2277 728 2338 osteum
750 2273 876 2338 ducitur
898 2296 1014 2339 annus:

122 2355 185 2421 Vix
206 2358 338 2422 memini
359 2358 452 2421 nobis
474 2357 571 2421 verba
595 2358 695 2422 coisse
718 2357 837 2422 decem.

80 2441 203 2506 Cuncta
223 2445 297 2505 tuus
320 2441 465 2526 sepelivit
487 2461 590 2523 amor,
612 2463 672 2505 neo
693 2441 813 2505 femina
834 2445 907 2524 post
928 2446 960 2505 te

122 2525 197 2589 Vlla
219 2525 306 2590 dedit
331 2526 413 2590 eollo
436 2525 541 2590 dulcia
561 2526 769 2594 vinolameo
1011 2538 1043 2588 lo

79 2609 185 2673 Testis
208 2611 268 2674 erit
289 2609 384 2674 Diroe
405 2613 471 2674 tam
493 2615 568 2674 vero
591 2610 722 2674 erimine
745 2632 853 2694 saeva,

123 2693 265 2776 Nycteos
288 2695 452 2776 Antiopen
474 2694 657 2760 accubuisse
679 2693 774 2778 Lyoo.

77 2778 110 2840 A
133 2779 280 2860 quotiens
301 2777 452 2862 pulchros
474 2779 555 2842 ussit
575 2779 688 2862 regina
710 2779 858 2862 capillos,

122 2861 295 2946 Molliaque
316 2861 483 2925 inmittens
504 2861 575 2924 fixit
595 2862 631 2924 in
652 2882 708 2924 ora
728 2865 855 2926 manus!

77 2946 109 3009 A
132 2945 279 3027 quotiens
301 2945 454 3009 famulam
474 2944 583 3028 pensis
605 2945 749 3008 oneravit
770 2945 902 3028 iniquis,
946 3013 951 3022 .
1011 2958 1042 3008 15

121 3028 166 3092 Et
187 3031 284 3112 eaput
305 3030 340 3092 in
362 3029 440 3093 dura
461 3050 582 3112 ponere
601 3028 696 3092 iussit
715 3027 828 3092 humo!

76 3111 139 3177 Sae
163 3135 180 3176 e
201 3113 292 3177 illam
313 3113 474 3178 inmundis
496 3117 621 3198 passast
641 3112 786 3176 habitare
808 3112 963 3196 tenebris,

151 3197 228 3262 ilem
249 3198 373 3262 ieiunae
395 3219 489 3282 saepe
511 3197 642 3282 negavit
663 3218 785 3280 aquam.
1007 3257 1019 3274 ,

72 3279 930 3448 littatttttttttttatttltttlttffl
1008 3379 1042 3427 a

72 3450 110 3516 Si
134 3449 212 3515 deus
235 3471 285 3532 es,
307 3451 367 3514 tibi
389 3453 481 3534 turpe
502 3453 591 3514 tuam
613 3449 729 3514 servire
751 3449 900 3534 puellam.

126 3551 281 3591 nminem.
875 3558 891 3604 5
