2636 4146
236 196 279 260 64
622 196 815 254 Pacennnn
1179 197 1220 272 [ι.
1292 149 1293 192 ³

300 363 430 429 Idaeum
451 362 614 428 Simoenta
635 361 721 426 Iovis
744 381 816 424 cunr
837 359 927 444 prole
949 357 1166 440 Scamandro,

190 455 193 462 '
342 447 482 514 Hectora
503 469 559 531 per
582 467 710 530 campos
731 448 781 508 ter
802 443 977 508 maculasse
998 441 1106 506 rotas?

301 531 566 617 Deiphobumque
580 530 801 612 Helenumque
823 531 855 593 et
868 527 1099 624 Polydamante
1113 529 1150 590 et
1177 528 1218 592 in

774 653 776 658 -
845 634 970 676 erm1s·

254 715 287 763 ec
343 699 610 783 Qualemcumque
631 698 730 764 Parin
751 698 805 762 vix
826 718 883 760 sua
903 699 1013 760 nosset
1033 694 1164 759 humus.

303 784 364 850 nsi
410 806 429 848 o
452 805 598 849 sermone
619 783 705 847 fores
726 802 828 866 nunc,
851 779 952 862 Ilion,
976 782 1009 844 et
1028 781 1064 842 tu

391 869 512 934 ciebis
535 867 646 934 Oetaei
667 865 797 930 numine
820 867 912 948 capta
934 863 993 928 dei.

305 952 461 1037 Necnon
482 953 536 1016 ille
557 951 605 1016 tui
627 973 718 1016 casus
740 951 932 1014 memorator
952 948 1113 1012 Homerus

347 1036 537 1102 Posteritatc
560 1058 651 1101 suum
677 1055 816 1098 crescere
838 1033 938 1097 sensit
959 1053 1048 1116 opus.

257 1131 289 1182 eo
305 1119 420 1204 Meque
442 1121 528 1186 inter
549 1141 637 1185 seros
658 1117 801 1182 laudabit
821 1115 925 1182 Rome
945 1118 1093 1200 nepotes:

348 1203 444 1270 Illum
465 1207 538 1288 post
559 1205 680 1269 cineres
702 1211 842 1287 auguror
862 1202 930 1286 ipse
953 1200 1045 1264 diem.

306 1287 448 1354 Nemea
470 1291 653 1372 contempto
675 1287 756 1371 lapis
778 1285 898 1351 indicet
919 1305 992 1349 ossa
1013 1285 1181 1368 sepulcre,

349 1371 548 1436 Provisumst
568 1371 666 1455 Lycio
688 1373 763 1435 vota
783 1370 939 1454 probante
960 1369 1029 1434 deo.

309 1455 465 1521 Carminis
487 1457 609 1520 interea
629 1456 732 1519 nostri
752 1455 917 1519 redeamus
938 1453 973 1518 in
995 1453 1121 1535 orbem,

259 1553 292 1600 sc
349 1539 494 1606 Gaudeat
512 1540 549 1604 in
570 1539 665 1604 solito
685 1541 773 1604 tecta
792 1539 900 1622 puelle
921 1559 1010 1602 sono.

285 1617 299 1714 Ἰ
309 1623 437 1734 Orphea
458 1623 614 1688 delenisse
635 1623 718 1688 feras
741 1626 774 1687 et
795 1623 921 1688 concita
942 1621 1053 1686 dicunt
1194 1621 1217 1691 2

278 1647 287 1792 i
351 1709 500 1772 Flumina
521 1707 668 1773 Threicia
689 1707 877 1772 sustinuisse
899 1707 981 1790 lyra:

277 1795 281 1890 l
310 1791 393 1857 Saxa
414 1791 614 1859 Cithaeronis
636 1791 762 1856 Thebas
783 1792 905 1876 agitate
924 1811 982 1875 per
1003 1793 1103 1854 artem

352 1876 473 1962 Sponte
495 1899 552 1941 sua
571 1879 607 1941 in
628 1876 711 1941 muri
732 1876 874 1940 membra
898 1875 999 1940 coisse
1019 1875 1143 1939 ferunt:
1294 1871 1295 1956 l

261 1975 293 2021 es
309 1961 394 2037 Quin
409 1961 519 2045 etiem,
534 1959 744 2045 Polypheme,
760 1959 829 2025 fera
843 1959 977 2024 Galatea
991 1958 1049 2024 sub
1064 1960 1173 2022 Aetna
1198 1972 1214 2019 5

353 2045 405 2108 Ad
426 2049 483 2109 tua
503 2048 649 2108 rorantes
671 2045 813 2108 carmina
833 2043 922 2108 flexit
942 2063 1054 2127 equos:

310 2127 476 2212 Miremur,
498 2127 592 2192 nobis
615 2131 647 2192 et
666 2127 794 2193 Baccho
818 2130 850 2192 et
864 2127 1015 2211 Apolline
1038 2127 1164 2209 dextro,

352 2211 459 2276 'lhrba
480 2211 657 2296 puellarum
680 2212 707 2274 si
728 2233 799 2275 mea
820 2211 916 2276 verbe
937 2210 1034 2276 colit?

297 2295 402 2418 {Quod
426 2317 494 2360 non
515 2295 678 2360 Taenariis
697 2295 809 2360 domus
836 2299 885 2444 apt
908 2294 987 2392 mihi
1012 2294 1094 2358 fulta
1116 2315 1167 2358 co·

298 2421 303 2462 ἓ
867 2401 984 2461 amnis,

261 2465 303 2549 50}
351 2465 420 2530 Nee
443 2487 568 2530 camera
589 2468 714 2530 auratus
736 2465 820 2528 inter
841 2464 960 2528 eburna
980 2463 1102 2545 trebes,
1181 2479 1217 2526 10

291 2547 379 2628 ¹{Nec
400 2571 471 2614 mea
491 2548 651 2614 Phaeaces
673 2552 811 2632 aequant
830 2548 972 2632 pomeria
998 2547 1109 2630 silvas,
1294 2547 1295 2570 ¹

353 2632 430 2698 Non
451 2653 586 2717 operosa
605 2633 691 2717 rigat
711 2632 850 2697 Marcius
872 2635 963 2696 antra
984 2632 1102 2714 liquor3

307 2719 357 2790 Al
378 2716 488 2781 Musae
511 2716 643 2780 comites
665 2720 698 2780 et
719 2717 861 2781 carmina
882 2737 954 2780 cara
974 2715 1110 2800 legenti,

353 2799 398 2864 nt
419 2800 542 2865 defessa
564 2799 668 2865 choris
691 2799 856 2884 Calliopea
876 2800 966 2864 meis.

263 2897 295 2946 65
311 2883 500 2969 Fortunata,
523 2905 594 2949 meo
617 2885 707 2969 sique
729 2907 762 2949 es
785 2885 942 2948 celebrata
963 2883 1086 2947 libello!
1180 2897 1216 2947 15

355 2969 504 3040 Carmina
526 2973 619 3033 erunt
639 2969 760 3034 formae
781 2971 834 3032 tot
852 2969 1048 3032 monimenta
1068 2971 1152 3032 tuae.

267 3085 271 3094 =
311 3049 512 3139 Numaeque
527 3053 725 3202 pppami'dum
740 3055 884 3148 sumptus
899 3053 939 3116 ad
955 3051 1058 3116 sidera
1077 3050 1180 3138 ducti,

90 3145 136 3198 1312*
149 3131 194 3238 ‘3¹²'
258 3150 264 3220 ᾗ
354 3137 432 3212 Nee¹
445 3138 530 3203 Iovis
583 3137 624 3201 lei
646 3138 767 3201 caelum
788 3136 914 3200 imitate
935 3137 1062 3220 domus,

254 3237 259 3310 j
312 3221 380 3287 Nee
402 3221 558 3286 Mausolei
580 3221 666 3286 dives
688 3221 817 3285 fortuna
839 3219 998 3305 sepulchri

254 3311 298 3364 leo
352 3305 467 3372 Mortis
490 3306 529 3370 ab
552 3308 692 3370 extrema
717 3304 904 3370 condicione
925 3307 1048 3368 vacent¹
1182 3321 1221 3371 20

255 3413 258 3434 ⁴
313 3389 380 3452 Aut
402 3389 465 3454 illis
487 3389 614 3454 flamma
636 3393 691 3454 aut
711 3388 813 3454 imber
835 3388 989 3452 subducet
1008 3387 1166 3475 honum,

253 3478 257 3524 :
355 3475 522 3537 Annorum
544 3477 599 3538 aut
619 3474 685 3539 ictu
705 3472 847 3560 pondera
868 3473 952 3536 victa
972 3476 1074 3536 ruent.
