2630 4110
251 193 325 242 XXX
629 179 842 237 PRAEFATIO.

252 348 386 410 scribunt
409 363 491 406 ccco
513 347 589 416 ium,
615 347 695 422 quod
718 347 829 404 mirum
856 347 1016 406 nonnullos
1044 345 1217 408 defendisse

253 431 352 492 Ovidii
364 431 433 490 fest.
450 432 477 503 3,
494 430 565 489 475.

314 515 355 572 ib.
369 515 428 574 148
442 516 596 574 meminere
609 515 704 574 lulius
719 513 867 574 Ozwalina
879 515 911 574 in
926 515 1081 575 sententiis
1095 518 1220 574 contro·

252 598 346 658 versis
375 597 590 658 dissertationis
619 598 655 656 de
674 597 826 674 Euripidis
854 598 952 658 studio
982 599 1217 674 aequabilitatis

252 683 373 741 Bonnae
393 683 516 741 11861
539 681 648 755 editoe,
668 689 792 742 metuere
818 683 897 756 quod
917 701 933 742 e
954 701 1043 742 versu
1065 684 1124 742 146
1140 683 1217 741 irre-

252 766 313 844 psit
326 785 355 826 v.

315 851 357 908 ib.
375 852 434 910 178
449 851 655 911 Idomeneoeac
668 850 747 924 Itali,
764 849 929 910 Ydoccosue
942 851 992 910 vel
1004 851 1218 923 Idmoceoeqce

255 933 570 1004 11,11.1.1.11.275.

256 1059 258 1063 .
315 1019 356 1077 ib.
375 1019 529 1092 17911111
542 1017 621 1091 Itali,
631 1023 757 1092 pedon
771 1018 835 1078 odd.

315 1103 356 1162 ib.
373 1103 433 1162 205
449 1119 504 1176 quo
519 1108 599 1163 motu
611 1101 751 1178 Heysius,
768 1120 853 1176 quom
867 1108 937 1162 tune
950 1099 988 1160 V.

315 1187 357 1246 ib.
374 1187 434 1244 212
449 1191 544 1246 cudae
557 1186 636 1258 Itali,
652 1187 738 1246 classi
751 1185 788 1244 V.

316 1272 357 1329 ib.
375 1271 444 1342 216,
462 1271 521 1328 217
538 1268 679 1330 Ordinem
690 1289 831 1330 versuum
845 1273 913 1346 apte
928 1271 1099 1330 immutavit
1112 1270 1216 1329 Aemi-

253 1357 312 1414 lius
326 1354 515 1428 Behreuaiue,
531 1355 625 1414 bonae
640 1354 703 1430 spei
717 1355 898 1428 adulescens,
911 1355 992 1414 cuius
1007 1355 1121 1430 aliquot
1134 1373 1216 1412 rece-

253 1441 353 1515 pimus
368 1438 557 1498 coniecturas.

317 1523 358 1582 ib.
376 1522 435 1580 235
451 1521 551 1580 Etiam
564 1523 619 1582 hoo
632 1524 712 1597 loco,
735 1524 794 1584 nisi
813 1524 962 1600 insignem
976 1524 1009 1582 in
1023 1523 1145 1582 modum
1159 1523 1215 1580 fal-

255 1608 316 1680 lor,
337 1606 417 1665 docti
429 1605 563 1682 plerique
585 1608 758 1667 auctoritate
772 1607 955 1666 Lachmanni
968 1607 1098 1683 permoti
1113 1605 1217 1665 Catul-

254 1692 319 1749 lum
339 1689 513 1749 fraudavero
533 1692 692 1764 versiculo,
714 1692 766 1767 qui
787 1693 880 1766 siquis
895 1691 969 1750 alins
982 1701 1019 1750 'eo
1035 1691 1143 1766 dignus
1158 1695 1215 1748 est.

254 1775 376 1833 Etenim
390 1773 504 1834 Nonius
518 1793 569 1852 pg.
585 1776 645 1834 546
667 1795 734 1834 oum
746 1775 902 1834 tribuisset
917 1773 1033 1834 Ostullo
1048 1773 1217 1833 Veronensi

210 1881 216 1890 ·
255 1859 346 1918 verba
359 1858 431 1916 haec
445 1859 541 1918 lacida
555 1877 614 1932 quc
626 1861 754 1933 splendet
768 1859 911 1920 carchesia
924 1861 1005 1928 muli,
1025 1858 1216 1934 sagacissime

255 1945 469 2018 perspexerunt
488 1943 620 2003 Faernus
647 1946 677 2002 et
695 1944 845 2018 Muretus,
875 1961 950 2020 quos
973 1943 1096 2018 plurimi
1121 1943 1217 2001 secuti

256 2028 327 2086 sunt
340 2025 444 2098 critici,
459 2025 536 2085 hunc
550 2046 679 2101 versum,
701 2045 790 2102 quem
803 2028 968 2103 pleniorem
982 2027 1070 2085 effert
1082 2025 1216 2086 Isidorus

255 2109 383 2182 XVIIII,
401 2111 486 2182 2,10
505 2113 536 2170 11
555 2129 591 2169 ex
611 2129 645 2170 eo
665 2111 794 2186 petitum
813 2111 904 2170 schol.
918 2110 1031 2170 Lucani
1045 2109 1083 2168 ad
1097 2110 1125 2182 5,
1142 2111 1214 2182 418,

257 2193 424 2252 addendum
445 2213 508 2254 esse
527 2197 596 2270 post
616 2195 686 2254 235.
715 2193 793 2263 Nam
809 2197 931 2270 apparet
944 2194 1108 2269 plurImum
1122 2193 1216 2252 inter·

256 2278 347 2336 fuisse
366 2277 475 2354 Aegei,
498 2281 532 2337 nt
552 2297 667 2337 summa
692 2297 761 2354 pars
786 2277 859 2336 mali
883 2277 1072 2354 potissimum
1092 2276 1215 2336 candido

256 2363 324 2422 velo
344 2364 509 2437 tegeretur,
532 2363 640 2438 quippe
655 2381 745 2438 quam
764 2362 883 2422 visurus
898 2365 978 2421 essct
990 2362 1126 2437 primam.
1156 2361 1215 2419 Ne-

257 2465 314 2522 que
328 2445 403 2504 illud
416 2446 526 2504 mirum
541 2445 682 2505 excidisse
696 2463 815 2506 versum
829 2445 921 2505 istum
936 2464 971 2504 ex
985 2445 1146 2520 archetypo
1161 2443 1215 2504 Oa

256 2531 326 2590 tulli
346 2529 425 2604 quod
445 2531 618 2588 lacunosum
638 2529 730 2588 fuisse
747 2529 826 2588 haud
844 2549 912 2589 reru
932 2529 1011 2588 inter
1030 2548 1133 2588 omnes
1148 2547 1216 2588 con-

257 2617 326 2687 stat,
338 2633 405 2672 cum
419 2613 595 2690 praesertim
616 2615 647 2671 et
660 2613 707 2672 hic
721 2616 752 2672 et
765 2613 848 2688 prior
861 2633 878 2672 a
892 2613 1038 2673 similibus
1051 2613 1217 2688 inciperent

256 2698 417 2758 vocabulis.
466 2697 587 2756 Certum
607 2700 707 2756 autem
727 2697 819 2756 Nonii
841 2697 1046 2756 auctoritatem
1066 2715 1129 2756 esse
1150 2715 1216 2772 gra-

255 2782 410 2842 vissimam
427 2799 483 2842 nec
497 2779 532 2838 de
548 2797 648 2839 errore
663 2784 715 2840 aut
733 2781 826 2856 ipsius
841 2783 894 2840 aut
907 2781 970 2840 eius
985 2801 1002 2838 a
1017 2799 1074 2856 qno
1090 2781 1218 2854 sumpsit

258 2867 426 2941 exemplum
444 2863 531 2924 facile
551 2883 638 2940 posse
653 2864 787 2940 cogitari,
803 2883 870 2928 curn
885 2865 1031 2924 addiderit
1050 2864 1126 2923 illud
1141 2862 1216 2923 ‘Ve-

257 2949 415 3020 ronensis',
437 2947 517 3022 quod
531 2949 633 3022 utique
648 2949 770 3006 ductum
784 2967 820 3007 ex
833 2949 1025 3024 inscriptione
1040 2948 1150 3008 codicis
1165 2948 1217 3006 ali·

258 3035 340 3094 cuius
355 3031 514 3107 archetypo
529 3027 700 3091 nostr'orum
713 3032 857 3106 codicum,
874 3032 979 3108 dequo
992 3051 1081 3108 supra
1095 3031 1216 3114 dictum,

258 3116 411 3178 simillimi
442 3114 570 3175 Omnino
590 3115 681 3174 Nonii
700 3115 733 3174 in
753 3115 909 3176 afferendis
930 3117 1099 3176 nominibus
1119 3118 1218 3174 aucto-

257 3219 332 3258 rum·
344 3199 432 3272 fides,
454 3199 479 3258 si
499 3199 772 3259 etmultiindinem
793 3201 995 3276 exemplorum
1008 3201 1174 3276 respexeris
1188 3203 1220 3258 et

258 3282 403 3358 quaedem
421 3283 610 3342 librariorum
632 3288 751 3359 peecata
771 3285 928 3360 exceperis,
950 3285 1038 3360 plane
1059 3285 1219 3358 111111131-
1274 3303 1278 3310 ·

258 3365 339 3424 laris.
369 3365 438 3426 Non
457 3367 563 3442 ignoro
584 3367 720 3444 equidem
739 3369 772 3428 in
792 3369 1010 3444 exemplaribus
1031 3368 1093 3427 eius
1113 3385 1219 3442 perpe-

256 3469 323 3508 ram
339 3448 444 3510 Oatulo
471 3453 533 3513 aive
555 3451 673 3512 catullo
693 3453 786 3514 tribui
810 3453 991 3513 versiculum
1011 3451 1062 3528 qui
1079 3455 1160 3510 certo
1174 3454 1222 3510 est
