2630 4110
471 162 685 224 PRAEFATIO.
961 173 1059 226 xnvn

151 329 251 391 lmmo
274 330 350 390 haee
366 348 431 390 cum
445 331 506 390 illis
521 331 641 392 omnino
656 331 748 394 finisse
763 331 920 392 coniuncta
934 333 1060 408 antiqui·

94 419 138 476 tus
152 416 316 492 apparebit
330 416 420 489 ultro,
437 416 462 475 si
476 418 556 475 recte
572 416 722 492 disputata
732 415 921 492 videbuntur,
933 436 1009 493 quae
1024 417 1060 476 de

94 501 204 576 origine
220 503 254 560 et
268 500 342 559 fatis
356 499 443 560 huius
465 500 596 576 syllegae
611 519 701 576 supra
714 502 931 578 proposuimus.
963 500 1059 573 Quan-
1151 507 1155 514 '

93 586 154 642 tum
169 585 208 642 ad
225 587 365 644 auctores
380 585 553 658 carminum,
568 585 693 643 tertium
707 585 799 646 fuisse
815 583 916 645 Ovidii
931 585 1060 645 Senecae

92 669 216 728 rhetoris
239 669 361 729 constat
381 667 504 742 indicio,
527 686 616 744 porro
637 669 676 729 81
700 671 731 730 et
751 669 792 730 82
813 688 831 726 a
851 669 971 729 Tibullo
991 688 1059 745 pro-

92 751 166 812 fecta
176 753 361 829 gravissima
369 751 518 814 Ouiaciani
532 753 604 812 libri
618 753 761 813 asseritur
775 755 960 828 auctoritate,
976 755 1059 812 cuius

92 837 301 896 testimonium
321 837 373 912 qui
393 838 590 913 neglexerunt
608 856 705 913 neque
725 838 808 898 lusus
828 837 902 898 istos
916 839 996 896 recte
1012 856 1059 896 aa·

93 921 227 980 stimasse
249 924 282 980 et
301 920 513 980 hodiernorum
531 924 635 981 vatum
657 921 768 998 placita
788 922 916 998 antiquis
942 921 1060 980 dicendi

92 1007 160 1063 sunt
177 1004 334 1064 tribuisse.
365 1005 544 1065 Exciderant
565 1007 671 1080 opinor
686 1005 729 1066 sis
743 1005 882 1080 pleraque
898 1023 973 1081 quae
990 1003 1060 1064 Ovi-

93 1088 155 1147 dius
183 1107 322 1165 quaeque
349 1088 465 1149 Plinius
491 1089 585 1148 refert
611 1090 733 1148 nomina
757 1091 926 1164 poetarum,
952 1089 1059 1164 quibus

93 1172 180 1232 etiam
195 1173 442 1250 lasciva'pagina,
457 1175 522 1233 rita
535 1173 629 1249 proba
642 1173 710 1232 fuit.

151 1274 197 1332 De
218 1273 405 1356 reliquorum
426 1275 596 1334 auctoribus
615 1272 692 1334 nihil
711 1275 836 1348 constat,
856 1273 915 1336 nisi
936 1273 1016 1348 quod
1030 1275 1061 1332 et

94 1356 280 1418 doctissimos
300 1358 392 1418 baisse
411 1358 547 1418 homines
568 1359 599 1417 et
617 1357 756 1436 Augusto
779 1358 915 1434 aequales
940 1357 1060 1417 videtur

94 1444 215 1501 certum.
247 1441 353 1518 Neque
373 1441 450 1501 illud
470 1445 517 1501 sat
538 1443 682 1517 apertum,
703 1443 768 1502 isne
782 1443 834 1520 qui
849 1443 971 1518 collegit
984 1441 1060 1500 hanc

94 1526 230 1602 syllogen
251 1527 315 1602 ipse
338 1527 473 1586 emiserit
491 1526 613 1586 nomina
641 1527 725 1602 siqua
745 1527 773 1586 ei
793 1527 1000 1598 innotuerant,
1022 1543 1061 1585 an

94 1609 207 1670 librarii
227 1611 266 1669 ab
288 1626 323 1668 eo
337 1610 406 1669 inde
420 1613 564 1686 tempore,
585 1628 644 1686 quo
659 1613 757 1670 toturn
772 1629 845 1686 opus
860 1609 995 1686 Vergilio
1010 1608 1059 1668 ad·

96 1695 183 1754 scribi
198 1697 340 1770 coeptum
354 1697 408 1754 est.
438 1693 599 1754 Imitantur
620 1695 832 1769 utplurimum
848 1693 1009 1765 Catullum,
1024 1709 1061 1753 ex

96 1779 267 1854 aequalibus
288 1777 471 1854 Vergilium,
499 1779 625 1840 fortasse
651 1779 741 1837 etiam
763 1777 918 1837 Tibullum
944 1779 975 1836 et
999 1777 1059 1836 Ho-

95 1865 212 1925 ratium.
251 1863 356 1938 Neque
374 1880 468 1938 pauea
492 1866 597 1922 mutua
621 1864 776 1921 auctorum
802 1861 999 1920 aemulatione
1025 1878 1061 1919 ex

96 1947 157 2020 ipsa
175 1948 233 2006 hac
253 1947 370 2022 sylloge
389 1965 536 2022 expressa.
568 1945 662 2021 Saepe
683 1945 725 2004 eis
747 1962 814 2004 cum
830 1942 937 2004 Ouidio
956 1961 1060 2002 conve-

96 2031 153 2106 nit3
174 2050 232 2090 neo
252 2033 353 2090 tamen
372 2031 483 2106 ubique
498 2033 622 2103 eertum,
637 2029 718 2090 Naso
738 2029 807 2088 illos
827 2031 862 2093 ut
885 2029 1061 2104 plerumque

97 2117 231 2190 aequales
252 2115 377 2175 creticos
392 2135 430 2174 au
444 2115 522 2174 hunc
537 2115 737 2190 expresserint
755 2113 823 2189 ipsi.
860 2113 945 2184 Quod
959 2115 1062 2174 contra

97 2198 183 2260 (lubio
198 2201 282 2260 caret
295 2199 588 2274 saepe-Priapeerum
602 2199 738 2275 exempla
752 2198 909 2258 obversata
920 2197 1060 2256 Martiali.

97 2281 192 2343 Aliter
207 2303 245 2343 ea
257 2302 312 2359 per
327 2283 535 2359 antiquitatem
558 2283 709 2343 observari
723 2284 846 2358 excepto
860 2282 987 2341 fortasse
1001 2299 1061 2339 uno

97 2367 226 2430 alterove
249 2362 329 2427 auth.
342 2369 453 2426 latinae
474 2367 603 2444 carmine
620 2369 655 2426 ut
670 2367 740 2440 923,
757 2367 912 2428 107411011
928 2364 1061 2424 memini.

157 2469 306 2543 Pleraque
322 2467 491 2544 argumenti
506 2469 577 2526 sunt
591 2466 737 2540 obscaeni,
751 2469 788 2526 ut
800 2465 850 2527 sel
863 2465 896 2524 in
909 2465 963 2524 hac
977 2467 1062 2540 parte

98 2547 321 2612 similitudinem
348 2567 492 2630 agnoscas
514 2549 634 2610 Catulli.
678 2550 782 2626 Neque
810 2553 913 2610 tamen
933 2549 1006 2607 talia
1027 2568 1063 2608 ex

98 2633 181 2698 binus
203 2637 348 2711 temporis
363 2635 481 2711 placitis
496 2635 549 2695 sed
561 2635 645 2697 illius
660 2653 718 2710 quo
733 2652 897 2711 provenere
912 2632 1062 2690 metienda

98 2721 261 2780 rationibus
281 2738 315 2780 ac
334 2719 460 2780 iudiciis.
497 2719 579 2791 Quae
599 2720 701 2794 qualia
717 2719 830 2778 ffierint
851 2716 962 2793 optime
978 2715 1073 2798 doce-¹

99 2822 162 2864 mur
176 2803 331 2864 versiculis
345 2801 510 2863 notissimis
526 2802 637 2863 Catulli

179 2925 250 2965 nam
265 2907 379 2966 castum
394 2922 458 2964 esse
474 2903 559 2962 decet
571 2905 655 2980 pium
669 2906 790 2979 poetam

179 2991 288 3066 ipsum,
303 2989 466 3048 versiculos
480 2989 557 3047 nihil
569 2991 726 3061 necessest,

179 3075 232 3150 qui
245 3075 312 3132 tum
327 3073 453 3148 denique
467 3073 579 3132 habent
593 3073 686 3132 salem
701 3090 735 3130 ac
747 3073 891 3147 leporem,

180 3159 205 3218 si
221 3157 282 3218 sint
295 3157 441 3216 molliculi
456 3174 490 3215 ae
503 3175 610 3234 parum
623 3156 732 3233 pudici.

99 3256 254 3404 gplpaetgpea
280 3257 409 3320 videnda
434 3276 509 3334 quae
535 3253 688 3334 praefatus
714 3257 760 3314 est
784 3254 836 3314 ille
862 3255 914 3332 qui
941 3254 1064 3334 collegit

158 3365 242 3506 IIJdem
258 3443 339 3523 quod
350 3443 425 3504 <lixit
438 3443 509 3504 haee
521 3440 652 3502 carmina
666 3439 817 3518 incompta
831 3441 863 3502 id
872 3440 1064 3504 vehementer
