<?xml version="1.0" encoding="UTF-8"?>
<!DOCTYPE html PUBLIC "-//W3C//DTD XHTML 1.0 Transitional//EN"
    "http://www.w3.org/TR/xhtml1/DTD/xhtml1-transitional.dtd">
<html xmlns="http://www.w3.org/1999/xhtml" xml:lang="en" lang="en">
 <head>
  <title>
</title>
<meta http-equiv="Content-Type" content="text/html;charset=utf-8" />
  <meta name='ocr-system' content='tesseract 3.04.00' />
  <meta name='ocr-capabilities' content='ocr_page ocr_carea ocr_par ocr_line ocrx_word'/>
</head>
<body>
  <div class='ocr_page' id='page_1' title='image "./catullitibullip01catugoog_0091.png"; bbox 0 0 2628 4116; ppageno 0'>
   <div class='ocr_carea' id='block_1_1' title="bbox 462 161 676 220">
    <p class='ocr_par' dir='ltr' id='par_1_1' title="bbox 462 161 676 220">
     <span class='ocr_line' id='line_1_1' title="bbox 462 161 676 220; baseline 0.014 -4"><span class='ocrx_word' id='word_1_1' title='bbox 462 161 676 220; x_wconf 80' lang='lat' dir='ltr'><strong>PRAEFATIO.</strong></span> 
     </span>
    </p>
   </div>
   <div class='ocr_carea' id='block_1_2' title="bbox 260 443 875 520">
    <p class='ocr_par' dir='ltr' id='par_1_2' title="bbox 260 443 875 520">
     <span class='ocr_line' id='line_1_2' title="bbox 260 443 875 520; baseline 0.002 -1"><span class='ocrx_word' id='word_1_2' title='bbox 260 445 326 520; x_wconf 83' lang='lat' dir='ltr'>DE</span> <span class='ocrx_word' id='word_1_3' title='bbox 352 443 531 518; x_wconf 80' lang='lat' dir='ltr'>METRIS</span> <span class='ocrx_word' id='word_1_4' title='bbox 557 444 875 520; x_wconf 80' lang='lat' dir='ltr'><strong>PRIAPEORVM.</strong></span> 
     </span>
    </p>
   </div>
   <div class='ocr_carea' id='block_1_3' title="bbox 75 633 1049 1388">
    <p class='ocr_par' dir='ltr' id='par_1_3' title="bbox 75 633 1049 1286">
     <span class='ocr_line' id='line_1_3' title="bbox 142 633 1049 712; baseline 0.001 -19"><span class='ocrx_word' id='word_1_5' title='bbox 142 635 343 712; x_wconf 82' lang='lat' dir='ltr'>Priapeorum</span> <span class='ocrx_word' id='word_1_6' title='bbox 368 634 465 693; x_wconf 82' lang='lat' dir='ltr'>metro</span> <span class='ocrx_word' id='word_1_7' title='bbox 489 633 546 694; x_wconf 88' lang='lat' dir='ltr'>etsi</span> <span class='ocrx_word' id='word_1_8' title='bbox 573 651 634 693; x_wconf 94' lang='lat' dir='ltr'>non</span> <span class='ocrx_word' id='word_1_9' title='bbox 654 633 713 692; x_wconf 84' lang='lat' dir='ltr'>ulie</span> <span class='ocrx_word' id='word_1_10' title='bbox 732 633 937 710; x_wconf 77' lang='lat' dir='ltr'>reperiuntrr,</span> <span class='ocrx_word' id='word_1_11' title='bbox 959 651 1049 710; x_wconf 83' lang='lat' dir='ltr'>quem</span> 
     </span>
     <span class='ocr_line' id='line_1_4' title="bbox 75 715 1048 797; baseline 0 -19"><span class='ocrx_word' id='word_1_12' title='bbox 75 739 157 797; x_wconf 82' lang='lat' dir='ltr'>quae</span> <span class='ocrx_word' id='word_1_13' title='bbox 185 721 218 778; x_wconf 89' lang='lat' dir='ltr'>in</span> <span class='ocrx_word' id='word_1_14' title='bbox 242 719 388 795; x_wconf 78' lang='lat' dir='ltr'>poematis</span> <span class='ocrx_word' id='word_1_15' title='bbox 414 715 605 792; x_wconf 80' lang='lat' dir='ltr'>Ootrillienis,</span> <span class='ocrx_word' id='word_1_16' title='bbox 633 717 753 794; x_wconf 87' lang='lat' dir='ltr'>proprio</span> <span class='ocrx_word' id='word_1_17' title='bbox 777 721 879 777; x_wconf 86' lang='lat' dir='ltr'>tomen</span> <span class='ocrx_word' id='word_1_18' title='bbox 907 721 1048 796; x_wconf 86' lang='lat' dir='ltr'>opusculo</span> 
     </span>
     <span class='ocr_line' id='line_1_5' title="bbox 76 801 1047 881; baseline -0.003 -16"><span class='ocrx_word' id='word_1_19' title='bbox 76 805 208 865; x_wconf 78' lang='lat' dir='ltr'>tractari</span> <span class='ocrx_word' id='word_1_20' title='bbox 221 804 342 879; x_wconf 76' lang='lat' dir='ltr'>placuit,</span> <span class='ocrx_word' id='word_1_21' title='bbox 358 821 416 879; x_wconf 90' lang='lat' dir='ltr'>quo</span> <span class='ocrx_word' id='word_1_22' title='bbox 431 802 538 862; x_wconf 84' lang='lat' dir='ltr'>melius</span> <span class='ocrx_word' id='word_1_23' title='bbox 551 801 726 881; x_wconf 81' lang='lat' dir='ltr'>pleniusque</span> <span class='ocrx_word' id='word_1_24' title='bbox 742 821 790 861; x_wconf 83' lang='lat' dir='ltr'>ure</span> <span class='ocrx_word' id='word_1_25' title='bbox 800 821 904 862; x_wconf 88' lang='lat' dir='ltr'>eorum</span> <span class='ocrx_word' id='word_1_26' title='bbox 915 821 948 861; x_wconf 88' lang='grc'>11</span> <span class='ocrx_word' id='word_1_27' title='bbox 958 804 1047 876; x_wconf 84' lang='lat' dir='ltr'>nitor,</span> 
     </span>
     <span class='ocr_line' id='line_1_6' title="bbox 77 886 1048 965; baseline -0.002 -17"><span class='ocrx_word' id='word_1_28' title='bbox 77 890 194 965; x_wconf 88' lang='lat' dir='ltr'>quibus</span> <span class='ocrx_word' id='word_1_29' title='bbox 207 887 372 964; x_wconf 81' lang='lat' dir='ltr'>plurimum</span> <span class='ocrx_word' id='word_1_30' title='bbox 387 889 530 962; x_wconf 84' lang='lat' dir='ltr'>superent</span> <span class='ocrx_word' id='word_1_31' title='bbox 541 886 890 962; x_wconf 80' lang='lat' dir='ltr'>contoreeEuphoriouis,</span> <span class='ocrx_word' id='word_1_32' title='bbox 902 887 939 946; x_wconf 83' lang='lat' dir='ltr'>ub</span> <span class='ocrx_word' id='word_1_33' title='bbox 955 889 1048 946; x_wconf 91' lang='lat' dir='ltr'>omni-</span> 
     </span>
     <span class='ocr_line' id='line_1_7' title="bbox 77 969 1047 1048; baseline -0.002 -15"><span class='ocrx_word' id='word_1_34' title='bbox 77 975 136 1033; x_wconf 88' lang='lat' dir='ltr'>bus</span> <span class='ocrx_word' id='word_1_35' title='bbox 158 973 411 1048; x_wconf 84' lang='lat' dir='ltr'>perspicerentur.</span> <span class='ocrx_word' id='word_1_36' title='bbox 442 969 583 1030; x_wconf 80' lang='lat' dir='ltr'>Ceterum</span> <span class='ocrx_word' id='word_1_37' title='bbox 598 971 678 1046; x_wconf 91' lang='lat' dir='ltr'>quod</span> <span class='ocrx_word' id='word_1_38' title='bbox 696 971 780 1030; x_wconf 88' lang='lat' dir='ltr'>fuere</span> <span class='ocrx_word' id='word_1_39' title='bbox 800 989 894 1047; x_wconf 83' lang='lat' dir='ltr'>peuce</span> <span class='ocrx_word' id='word_1_40' title='bbox 913 989 1047 1044; x_wconf 89' lang='lat' dir='ltr'>numero,</span> 
     </span>
     <span class='ocr_line' id='line_1_8' title="bbox 76 1054 1047 1134; baseline -0.003 -18"><span class='ocrx_word' id='word_1_41' title='bbox 76 1075 252 1134; x_wconf 84' lang='lat' dir='ltr'>congruum</span> <span class='ocrx_word' id='word_1_42' title='bbox 265 1055 298 1115; x_wconf 86' lang='lat' dir='ltr'>id</span> <span class='ocrx_word' id='word_1_43' title='bbox 311 1055 370 1115; x_wconf 86' lang='lat' dir='ltr'>fuit</span> <span class='ocrx_word' id='word_1_44' title='bbox 382 1056 549 1115; x_wconf 83' lang='lat' dir='ltr'>rationibus</span> <span class='ocrx_word' id='word_1_45' title='bbox 559 1057 716 1131; x_wconf 69' lang='lat' dir='ltr'>poetarum</span> <span class='ocrx_word' id='word_1_46' title='bbox 721 1054 858 1130; x_wconf 79' lang='lat' dir='ltr'>Augusto</span> <span class='ocrx_word' id='word_1_47' title='bbox 871 1055 1047 1130; x_wconf 72' lang='lat' dir='ltr'><strong>aequalium,</strong></span> 
     </span>
     <span class='ocr_line' id='line_1_9' title="bbox 76 1137 1049 1216; baseline -0.003 -14"><span class='ocrx_word' id='word_1_48' title='bbox 76 1143 167 1202; x_wconf 84' lang='lat' dir='ltr'>ouius</span> <span class='ocrx_word' id='word_1_49' title='bbox 189 1142 287 1200; x_wconf 84' lang='grc'><strong>111111</strong></span> <span class='ocrx_word' id='word_1_50' title='bbox 308 1141 391 1200; x_wconf 89' lang='lat' dir='ltr'>lusus</span> <span class='ocrx_word' id='word_1_51' title='bbox 411 1139 458 1200; x_wconf 86' lang='lat' dir='ltr'>illi</span> <span class='ocrx_word' id='word_1_52' title='bbox 477 1155 652 1216; x_wconf 81' lang='lat' dir='ltr'>provenere.</span> <span class='ocrx_word' id='word_1_53' title='bbox 681 1137 781 1199; x_wconf 88' lang='lat' dir='ltr'>Hebes</span> <span class='ocrx_word' id='word_1_54' title='bbox 803 1141 903 1199; x_wconf 86' lang='lat' dir='ltr'>eutem</span> <span class='ocrx_word' id='word_1_55' title='bbox 922 1139 994 1200; x_wconf 80' lang='lat' dir='ltr'>hese</span> <span class='ocrx_word' id='word_1_56' title='bbox 1016 1157 1049 1199; x_wconf 85' lang='lat' dir='ltr'>ec</span> 
     </span>
     <span class='ocr_line' id='line_1_10' title="bbox 76 1227 170 1286; baseline -0.011 0"><span class='ocrx_word' id='word_1_57' title='bbox 76 1227 170 1286; x_wconf 74' lang='lat' dir='ltr'>talia:</span> 
     </span>
    </p>

    <p class='ocr_par' dir='ltr' id='par_1_4' title="bbox 143 1326 341 1388">
     <span class='ocr_line' id='line_1_11' title="bbox 143 1326 341 1388; baseline -0.01 -2"><span class='ocrx_word' id='word_1_58' title='bbox 143 1327 172 1386; x_wconf 95' lang='lat' dir='ltr'>I.</span> <span class='ocrx_word' id='word_1_59' title='bbox 196 1326 341 1388; x_wconf 77' lang='lat' dir='ltr'>Disticha.</span> 
     </span>
    </p>
   </div>
   <div class='ocr_carea' id='block_1_4' title="bbox 323 1427 784 1476">
    <p class='ocr_par' dir='ltr' id='par_1_5' title="bbox 323 1427 784 1476">
     <span class='ocr_line' id='line_1_12' title="bbox 323 1427 784 1476; baseline -0.002 0"><span class='ocrx_word' id='word_1_60' title='bbox 323 1427 784 1476; x_wconf 61' lang='grc' dir='ltr'>ιυυιὺἶιιῦυιυυιυυιῦ</span> 
     </span>
    </p>
   </div>
   <div class='ocr_carea' id='block_1_5' title="bbox 77 1626 1048 1790">
    <p class='ocr_par' dir='ltr' id='par_1_6' title="bbox 77 1626 1048 1790">
     <span class='ocr_line' id='line_1_13' title="bbox 146 1626 1048 1704; baseline -0.007 -12"><span class='ocrx_word' id='word_1_61' title='bbox 146 1631 295 1692; x_wconf 83' lang='lat' dir='ltr'>Ceesuree</span> <span class='ocrx_word' id='word_1_62' title='bbox 305 1630 470 1689; x_wconf 78' lang='lat' dir='ltr'>hexametri</span> <span class='ocrx_word' id='word_1_63' title='bbox 485 1631 555 1688; x_wconf 84' lang='lat' dir='ltr'>sunt</span> <span class='ocrx_word' id='word_1_64' title='bbox 566 1631 617 1687; x_wconf 84' lang='lat' dir='ltr'>sut</span> <span class='ocrx_word' id='word_1_65' title='bbox 627 1628 877 1704; x_wconf 78' lang='lat' dir='ltr'>penthemimeres</span> <span class='ocrx_word' id='word_1_66' title='bbox 892 1631 945 1686; x_wconf 83' lang='lat' dir='ltr'>sut</span> <span class='ocrx_word' id='word_1_67' title='bbox 958 1626 1048 1704; x_wconf 90' lang='lat' dir='ltr'>heph-</span> 
     </span>
     <span class='ocr_line' id='line_1_14' title="bbox 77 1714 564 1790; baseline -0.016 -11"><span class='ocrx_word' id='word_1_68' title='bbox 77 1717 276 1779; x_wconf 84' lang='lat' dir='ltr'>themimeres</span> <span class='ocrx_word' id='word_1_69' title='bbox 292 1715 458 1790; x_wconf 87' lang='lat' dir='ltr'>etquidem</span> <span class='ocrx_word' id='word_1_70' title='bbox 472 1714 564 1772; x_wconf 82' lang='lat' dir='ltr'>teies:</span> 
     </span>
    </p>
   </div>
   <div class='ocr_carea' id='block_1_6' title="bbox 53 2130 1049 2818">
    <p class='ocr_par' dir='ltr' id='par_1_7' title="bbox 53 2130 902 2297">
     <span class='ocr_line' id='line_1_15' title="bbox 169 2130 873 2214; baseline -0.011 -14"><span class='ocrx_word' id='word_1_71' title='bbox 169 2139 310 2200; x_wconf 78' lang='lat' dir='ltr'>carminis</span> <span class='ocrx_word' id='word_1_72' title='bbox 324 2136 469 2212; x_wconf 75' lang='lat' dir='ltr'>incompti</span> <span class='ocrx_word' id='word_1_73' title='bbox 488 2130 493 2214; x_wconf 84' lang='grc'>1</span> <span class='ocrx_word' id='word_1_74' title='bbox 511 2135 595 2194; x_wconf 88' lang='lat' dir='ltr'>lusus</span> <span class='ocrx_word' id='word_1_75' title='bbox 609 2134 721 2192; x_wconf 87' lang='lat' dir='ltr'>lecture</span> <span class='ocrx_word' id='word_1_76' title='bbox 736 2150 873 2208; x_wconf 78' lang='lat' dir='ltr'>proeaees</span> 
     </span>
     <span class='ocr_line' id='line_1_16' title="bbox 53 2213 902 2297; baseline -0.012 -12"><span class='ocrx_word' id='word_1_77' title='bbox 53 2229 57 2238; x_wconf 88' lang='lat'>&#39;</span> <span class='ocrx_word' id='word_1_78' title='bbox 169 2225 277 2284; x_wconf 82' lang='lat' dir='ltr'>vilioue</span> <span class='ocrx_word' id='word_1_79' title='bbox 293 2223 392 2282; x_wconf 73' lang='grc'><strong>111111</strong></span> <span class='ocrx_word' id='word_1_80' title='bbox 405 2219 564 2297; x_wconf 82' lang='lat' dir='ltr'>quondam,</span> <span class='ocrx_word' id='word_1_81' title='bbox 584 2213 590 2296; x_wconf 86' lang='grc' dir='ltr'>Ι</span> <span class='ocrx_word' id='word_1_82' title='bbox 608 2235 687 2277; x_wconf 89' lang='lat' dir='ltr'>nuno</span> <span class='ocrx_word' id='word_1_83' title='bbox 701 2217 798 2276; x_wconf 87' lang='lat' dir='ltr'>cultor</span> <span class='ocrx_word' id='word_1_84' title='bbox 812 2217 902 2293; x_wconf 77' lang='lat' dir='ltr'>agelli</span> 
     </span>
    </p>

    <p class='ocr_par' dir='ltr' id='par_1_8' title="bbox 150 2297 885 2384">
     <span class='ocr_line' id='line_1_17' title="bbox 150 2297 885 2384; baseline -0.014 -16"><span class='ocrx_word' id='word_1_85' title='bbox 150 2373 151 2379; x_wconf 7' lang='grc' dir='ltr'>ἵ</span> <span class='ocrx_word' id='word_1_86' title='bbox 168 2309 245 2368; x_wconf 82' lang='lat' dir='ltr'>falce</span> <span class='ocrx_word' id='word_1_87' title='bbox 259 2307 362 2366; x_wconf 85' lang='lat' dir='ltr'>minen</span> <span class='ocrx_word' id='word_1_88' title='bbox 379 2300 385 2384; x_wconf 86' lang='grc'>1</span> <span class='ocrx_word' id='word_1_89' title='bbox 404 2307 435 2364; x_wconf 85' lang='grc'>11</span> <span class='ocrx_word' id='word_1_90' title='bbox 442 2309 530 2378; x_wconf 78' lang='lat' dir='ltr'>parte</span> <span class='ocrx_word' id='word_1_91' title='bbox 543 2301 588 2360; x_wconf 90' lang='lat' dir='ltr'>tui</span> <span class='ocrx_word' id='word_1_92' title='bbox 608 2297 612 2380; x_wconf 92' lang='grc' dir='ltr'>Ι</span> <span class='ocrx_word' id='word_1_93' title='bbox 631 2301 753 2374; x_wconf 83' lang='lat' dir='ltr'>maiore,</span> <span class='ocrx_word' id='word_1_94' title='bbox 768 2300 885 2377; x_wconf 80' lang='lat' dir='ltr'>Priape.</span> 
     </span>
    </p>

    <p class='ocr_par' dir='ltr' id='par_1_9' title="bbox 79 2397 1049 2818">
     <span class='ocr_line' id='line_1_18' title="bbox 147 2397 1048 2484; baseline -0.009 -14"><span class='ocrx_word' id='word_1_95' title='bbox 147 2409 292 2470; x_wconf 78' lang='lat' dir='ltr'>Ceterum</span> <span class='ocrx_word' id='word_1_96' title='bbox 305 2408 395 2484; x_wconf 79' lang='lat' dir='ltr'>longe</span> <span class='ocrx_word' id='word_1_97' title='bbox 410 2404 563 2482; x_wconf 70' lang='lat' dir='ltr'>proevalet</span> <span class='ocrx_word' id='word_1_98' title='bbox 571 2401 822 2479; x_wconf 68' lang='lat' dir='ltr'>penthemimeres</span> <span class='ocrx_word' id='word_1_99' title='bbox 836 2397 875 2480; x_wconf 90' lang='lat' dir='ltr'>[d.</span> <span class='ocrx_word' id='word_1_100' title='bbox 884 2421 955 2460; x_wconf 78' lang='lat' dir='ltr'>nm.</span> <span class='ocrx_word' id='word_1_101' title='bbox 965 2399 1048 2482; x_wconf 75' lang='lat'>1971.</span> 
     </span>
     <span class='ocr_line' id='line_1_19' title="bbox 79 2486 1049 2566; baseline -0.011 -11"><span class='ocrx_word' id='word_1_102' title='bbox 79 2529 123 2540; x_wconf 91' lang='lat'>-</span> <span class='ocrx_word' id='word_1_103' title='bbox 137 2495 237 2554; x_wconf 87' lang='lat' dir='ltr'>Porro</span> <span class='ocrx_word' id='word_1_104' title='bbox 251 2510 399 2566; x_wconf 84' lang='lat' dir='ltr'>nusquam</span> <span class='ocrx_word' id='word_1_105' title='bbox 413 2508 466 2566; x_wconf 86' lang='lat' dir='ltr'>pes</span> <span class='ocrx_word' id='word_1_106' title='bbox 480 2487 625 2549; x_wconf 85' lang='lat' dir='ltr'>secundus</span> <span class='ocrx_word' id='word_1_107' title='bbox 646 2487 790 2548; x_wconf 77' lang='lat' dir='ltr'>vocabulo</span> <span class='ocrx_word' id='word_1_108' title='bbox 812 2487 980 2547; x_wconf 82' lang='lat' dir='ltr'>continetur</span> <span class='ocrx_word' id='word_1_109' title='bbox 1000 2486 1049 2545; x_wconf 84' lang='lat' dir='ltr'>de-</span> 
     </span>
     <span class='ocr_line' id='line_1_20' title="bbox 80 2570 1048 2657; baseline -0.01 -17"><span class='ocrx_word' id='word_1_110' title='bbox 80 2581 209 2657; x_wconf 83' lang='lat' dir='ltr'>etylieo,</span> <span class='ocrx_word' id='word_1_111' title='bbox 225 2576 327 2636; x_wconf 85' lang='lat' dir='ltr'>necin</span> <span class='ocrx_word' id='word_1_112' title='bbox 340 2575 399 2644; x_wconf 85' lang='lat' dir='ltr'>fine</span> <span class='ocrx_word' id='word_1_113' title='bbox 413 2591 517 2636; x_wconf 86' lang='lat' dir='ltr'>versus</span> <span class='ocrx_word' id='word_1_114' title='bbox 531 2591 656 2648; x_wconf 78' lang='lat' dir='ltr'>usquam</span> <span class='ocrx_word' id='word_1_115' title='bbox 670 2571 840 2644; x_wconf 77' lang='lat' dir='ltr'>turbatum,</span> <span class='ocrx_word' id='word_1_116' title='bbox 856 2570 935 2630; x_wconf 91' lang='lat' dir='ltr'>unde</span> <span class='ocrx_word' id='word_1_117' title='bbox 949 2571 1048 2630; x_wconf 82' lang='lat' dir='ltr'>nullus</span> 
     </span>
     <span class='ocr_line' id='line_1_21' title="bbox 82 2655 1049 2734; baseline -0.009 -11"><span class='ocrx_word' id='word_1_118' title='bbox 82 2663 223 2724; x_wconf 86' lang='lat' dir='ltr'>exeuntis</span> <span class='ocrx_word' id='word_1_119' title='bbox 238 2659 330 2719; x_wconf 89' lang='lat' dir='ltr'>metri</span> <span class='ocrx_word' id='word_1_120' title='bbox 343 2659 434 2718; x_wconf 86' lang='lat' dir='ltr'>hebes</span> <span class='ocrx_word' id='word_1_121' title='bbox 455 2658 567 2734; x_wconf 89' lang='lat' dir='ltr'>speeies</span> <span class='ocrx_word' id='word_1_122' title='bbox 586 2657 646 2717; x_wconf 90' lang='lat' dir='ltr'>nisi</span> <span class='ocrx_word' id='word_1_123' title='bbox 663 2655 731 2729; x_wconf 83' lang='lat' dir='ltr'>hes,</span> <span class='ocrx_word' id='word_1_124' title='bbox 752 2674 825 2731; x_wconf 88' lang='lat' dir='ltr'>ques</span> <span class='ocrx_word' id='word_1_125' title='bbox 845 2655 980 2731; x_wconf 83' lang='lat' dir='ltr'>legitime</span> <span class='ocrx_word' id='word_1_126' title='bbox 1000 2655 1049 2714; x_wconf 86' lang='lat' dir='ltr'>ed-</span> 
     </span>
     <span class='ocr_line' id='line_1_22' title="bbox 80 2739 922 2818; baseline -0.014 -10"><span class='ocrx_word' id='word_1_127' title='bbox 80 2749 167 2808; x_wconf 86' lang='lat' dir='ltr'>mitti</span> <span class='ocrx_word' id='word_1_128' title='bbox 185 2743 351 2805; x_wconf 82' lang='lat' dir='ltr'>memoravi</span> <span class='ocrx_word' id='word_1_129' title='bbox 365 2762 463 2818; x_wconf 87' lang='lat' dir='ltr'>supre,</span> <span class='ocrx_word' id='word_1_130' title='bbox 479 2742 551 2801; x_wconf 90' lang='lat' dir='ltr'>dum</span> <span class='ocrx_word' id='word_1_131' title='bbox 566 2739 677 2802; x_wconf 80' lang='lat' dir='ltr'>Catulli</span> <span class='ocrx_word' id='word_1_132' title='bbox 692 2741 787 2800; x_wconf 83' lang='lat' dir='ltr'>entem</span> <span class='ocrx_word' id='word_1_133' title='bbox 802 2757 922 2798; x_wconf 79' lang='lat' dir='ltr'>enarro:</span> 
     </span>
    </p>
   </div>
   <div class='ocr_carea' id='block_1_7' title="bbox 145 2839 952 3262">
    <p class='ocr_par' dir='ltr' id='par_1_10' title="bbox 170 2839 952 3002">
     <span class='ocr_line' id='line_1_23' title="bbox 170 2839 952 2919; baseline -0.01 -11"><span class='ocrx_word' id='word_1_134' title='bbox 170 2867 226 2908; x_wconf 86' lang='lat' dir='ltr'>neo</span> <span class='ocrx_word' id='word_1_135' title='bbox 239 2846 359 2906; x_wconf 81' lang='lat' dir='ltr'>Mevors</span> <span class='ocrx_word' id='word_1_136' title='bbox 373 2844 460 2902; x_wconf 87' lang='lat' dir='ltr'>illum</span> <span class='ocrx_word' id='word_1_137' title='bbox 473 2861 528 2918; x_wconf 89' lang='lat' dir='ltr'>per</span> <span class='ocrx_word' id='word_1_138' title='bbox 542 2861 631 2919; x_wconf 91' lang='lat' dir='ltr'>quem</span> <span class='ocrx_word' id='word_1_139' title='bbox 645 2841 727 2902; x_wconf 82' lang='grc'><strong>111111</strong></span> <span class='ocrx_word' id='word_1_140' title='bbox 741 2839 842 2902; x_wconf 80' lang='lat' dir='ltr'>oeeete&#39;t</span> <span class='ocrx_word' id='word_1_141' title='bbox 856 2857 952 2901; x_wconf 79' lang='lat' dir='ltr'>ensem</span> 
     </span>
     <span class='ocr_line' id='line_1_24' title="bbox 173 2926 914 3002; baseline -0.011 -10"><span class='ocrx_word' id='word_1_142' title='bbox 173 2951 226 2992; x_wconf 91' lang='lat' dir='ltr'>our</span> <span class='ocrx_word' id='word_1_143' title='bbox 242 2931 386 2990; x_wconf 84' lang='lat' dir='ltr'>obscoene</span> <span class='ocrx_word' id='word_1_144' title='bbox 399 2927 473 2986; x_wconf 90' lang='lat' dir='ltr'>mihi</span> <span class='ocrx_word' id='word_1_145' title='bbox 486 2945 555 3002; x_wconf 85' lang='lat' dir='ltr'>pers</span> <span class='ocrx_word' id='word_1_146' title='bbox 570 2927 610 2986; x_wconf 87' lang='lat' dir='ltr'>sit</span> <span class='ocrx_word' id='word_1_147' title='bbox 624 2926 688 2985; x_wconf 89' lang='lat' dir='ltr'>sine</span> <span class='ocrx_word' id='word_1_148' title='bbox 702 2930 776 2986; x_wconf 79' lang='lat' dir='ltr'>veste</span> <span class='ocrx_word' id='word_1_149' title='bbox 789 2927 914 2999; x_wconf 77' lang='lat' dir='ltr'>requiris</span> 
     </span>
    </p>

    <p class='ocr_par' dir='ltr' id='par_1_11' title="bbox 145 3010 951 3262">
     <span class='ocr_line' id='line_1_25' title="bbox 145 3010 951 3090; baseline -0.012 -14"><span class='ocrx_word' id='word_1_150' title='bbox 145 3045 147 3052; x_wconf 40' lang='lat' dir='ltr'><em>s</em></span> <span class='ocrx_word' id='word_1_151' title='bbox 171 3036 239 3076; x_wconf 87' lang='lat' dir='ltr'>oum</span> <span class='ocrx_word' id='word_1_152' title='bbox 253 3016 369 3090; x_wconf 89' lang='lat' dir='ltr'>loquor,</span> <span class='ocrx_word' id='word_1_153' title='bbox 384 3031 444 3070; x_wconf 82' lang='lat' dir='ltr'>une</span> <span class='ocrx_word' id='word_1_154' title='bbox 457 3011 530 3070; x_wconf 91' lang='lat' dir='ltr'>mihi</span> <span class='ocrx_word' id='word_1_155' title='bbox 544 3013 684 3086; x_wconf 87' lang='lat' dir='ltr'>peccetur</span> <span class='ocrx_word' id='word_1_156' title='bbox 697 3010 814 3069; x_wconf 83' lang='lat' dir='ltr'>littere:</span> <span class='ocrx_word' id='word_1_157' title='bbox 830 3027 902 3068; x_wconf 75' lang='lat' dir='ltr'>ecem</span> <span class='ocrx_word' id='word_1_158' title='bbox 916 3013 951 3066; x_wconf 83' lang='lat' dir='ltr'>te.</span> 
     </span>
     <span class='ocr_line' id='line_1_26' title="bbox 171 3091 946 3174; baseline -0.018 -13"><span class='ocrx_word' id='word_1_159' title='bbox 171 3103 295 3161; x_wconf 81' lang='lat' dir='ltr'>obscure</span> <span class='ocrx_word' id='word_1_160' title='bbox 309 3099 445 3174; x_wconf 86' lang='lat' dir='ltr'>potorem</span> <span class='ocrx_word' id='word_1_161' title='bbox 459 3095 515 3155; x_wconf 88' lang='lat' dir='ltr'>tibi</span> <span class='ocrx_word' id='word_1_162' title='bbox 530 3096 643 3156; x_wconf 86' lang='lat' dir='ltr'>dicere:</span> <span class='ocrx_word' id='word_1_163' title='bbox 665 3095 705 3154; x_wconf 86' lang='lat' dir='ltr'>de</span> <span class='ocrx_word' id='word_1_164' title='bbox 718 3095 801 3166; x_wconf 72' lang='lat' dir='ltr'>mehe,</span> <span class='ocrx_word' id='word_1_165' title='bbox 816 3091 897 3168; x_wconf 92' lang='lat' dir='ltr'>quod</span> <span class='ocrx_word' id='word_1_166' title='bbox 910 3095 946 3149; x_wconf 90' lang='lat' dir='ltr'>tu</span> 
     </span>
     <span class='ocr_line' id='line_1_27' title="bbox 170 3177 884 3262; baseline -0.014 -19"><span class='ocrx_word' id='word_1_167' title='bbox 170 3203 246 3262; x_wconf 82' lang='lat' dir='ltr'>quae</span> <span class='ocrx_word' id='word_1_168' title='bbox 262 3185 288 3244; x_wconf 90' lang='lat' dir='ltr'>si</span> <span class='ocrx_word' id='word_1_169' title='bbox 301 3181 469 3258; x_wconf 86' lang='lat' dir='ltr'>perdidero,</span> <span class='ocrx_word' id='word_1_170' title='bbox 485 3181 583 3256; x_wconf 82' lang='lat' dir='ltr'>petria</span> <span class='ocrx_word' id='word_1_171' title='bbox 597 3178 746 3256; x_wconf 77' lang='lat' dir='ltr'>multator</span> <span class='ocrx_word' id='word_1_172' title='bbox 760 3181 787 3236; x_wconf 86' lang='lat' dir='ltr'>et</span> <span class='ocrx_word' id='word_1_173' title='bbox 802 3177 884 3234; x_wconf 84' lang='lat' dir='ltr'>olim.</span> 
     </span>
    </p>
   </div>
   <div class='ocr_carea' id='block_1_8' title="bbox 81 3276 1051 3446">
    <p class='ocr_par' dir='ltr' id='par_1_12' title="bbox 81 3276 1051 3446">
     <span class='ocr_line' id='line_1_28' title="bbox 146 3276 1050 3360; baseline -0.012 -14"><span class='ocrx_word' id='word_1_174' title='bbox 146 3285 335 3346; x_wconf 83' lang='lat' dir='ltr'>Pentemetri</span> <span class='ocrx_word' id='word_1_175' title='bbox 354 3283 486 3360; x_wconf 87' lang='lat' dir='ltr'>optimus</span> <span class='ocrx_word' id='word_1_176' title='bbox 504 3281 572 3340; x_wconf 84' lang='lat' dir='ltr'>finis</span> <span class='ocrx_word' id='word_1_177' title='bbox 587 3279 613 3338; x_wconf 88' lang='lat' dir='ltr'>is</span> <span class='ocrx_word' id='word_1_178' title='bbox 628 3280 683 3350; x_wconf 88' lang='lat' dir='ltr'>est,</span> <span class='ocrx_word' id='word_1_179' title='bbox 704 3280 739 3336; x_wconf 84' lang='grc'>111</span> <span class='ocrx_word' id='word_1_180' title='bbox 756 3276 892 3336; x_wconf 86' lang='lat' dir='ltr'>cludetur</span> <span class='ocrx_word' id='word_1_181' title='bbox 905 3277 1050 3338; x_wconf 83' lang='lat' dir='ltr'>vocabulo</span> 
     </span>
     <span class='ocr_line' id='line_1_29' title="bbox 81 3361 1051 3446; baseline -0.013 -13"><span class='ocrx_word' id='word_1_182' title='bbox 81 3373 222 3444; x_wconf 80' lang='lat' dir='ltr'>iambico,</span> <span class='ocrx_word' id='word_1_183' title='bbox 237 3367 433 3446; x_wconf 81' lang='lat' dir='ltr'>praecedente</span> <span class='ocrx_word' id='word_1_184' title='bbox 449 3363 576 3442; x_wconf 87' lang='lat' dir='ltr'>eoquod</span> <span class='ocrx_word' id='word_1_185' title='bbox 589 3361 718 3422; x_wconf 81' lang='lat' dir='ltr'>exeatin</span> <span class='ocrx_word' id='word_1_186' title='bbox 728 3361 901 3422; x_wconf 77' lang='lat' dir='ltr'>trochaeum</span> <span class='ocrx_word' id='word_1_187' title='bbox 912 3362 962 3422; x_wconf 88' lang='lat' dir='ltr'>vel</span> <span class='ocrx_word' id='word_1_188' title='bbox 971 3361 1051 3420; x_wconf 85' lang='lat' dir='ltr'>binis</span> 
     </span>
    </p>
   </div>
   <div class='ocr_carea' id='block_1_9' title="bbox 81 3454 314 3534">
    <p class='ocr_par' dir='ltr' id='par_1_13' title="bbox 81 3454 314 3534">
     <span class='ocr_line' id='line_1_30' title="bbox 81 3454 314 3534; baseline -0.021 -15"><span class='ocrx_word' id='word_1_189' title='bbox 81 3454 314 3534; x_wconf 80' lang='lat' dir='ltr'>monosyllabis:</span> 
     </span>
    </p>
   </div>
   <div class='ocr_carea' id='block_1_10' title="bbox 0 0 1328 4116">
    <p class='ocr_par' dir='ltr' id='par_1_14' title="bbox 0 0 1328 4116">
     <span class='ocr_line' id='line_1_31' title="bbox 0 0 1328 4116; baseline 0 0"><span class='ocrx_word' id='word_1_190' title='bbox 0 0 1328 4116; x_wconf 95' lang='lat' dir='ltr'> </span> 
     </span>
    </p>
   </div>
  </div>
 </body>
</html>
