2632 4140
12 197 13 250 Ῑ
91 205 164 274 XV.]
491 207 598 263 LIBER
619 209 671 262 III.v
1009 202 1052 266 45

91 366 162 432 Nos
185 387 383 452 quocumque
405 369 491 453 loco,
514 392 574 434 nos
596 371 849 453 omnitempore
871 372 976 434 tecum

138 451 328 536 Sive'aegra
349 453 467 536 pariter
489 455 554 518 sive
576 456 700 518 valente
723 475 839 517 sumus.
1020 465 1054 514 20

457 587 692 761 effla.

11 785 12 828 t
95 786 165 852 Scis
188 787 263 852 here
285 790 329 853 mi
350 789 467 854 multas
488 791 607 876 pariter
626 790 784 873 placuisse
805 790 942 874 puellas,

11 873 12 888 ¹
140 871 209 936 Scis
230 872 324 956 mihi,
347 871 449 938 Demo
473 873 574 958 hoen,
597 875 698 938 multa
720 873 827 938 venire
848 873 939 937 mala.

11 1031 12 1034 Ἴ
95 955 196 1020 Nulla
216 958 296 1054 meis
318 958 435 1022 frustra
451 897 631 1024 insuantur
652 959 792 1042 compita
812 957 949 1041 plantiS,
1069 1003 1073 1034 2

142 1039 168 1104 0
189 1042 286 1106 ulmis
308 1041 404 1113 exitio
426 1046 502 1106 nata
522 1041 647 1106 theatra
667 1063 754 1124 meo,

11 1155 12 1200 3
97 1123 171 1190 Sive
194 1125 308 1210 aliquis
329 1126 420 1190 molli
442 1125 562 1190 diducit
583 1124 715 1190 candida
736 1129 831 1210 gestu
1038 1133 1055 1184 t

141 1207 277 1273 Brachia
298 1231 354 1274 seu
375 1210 479 1274 varies
501 1210 615 1274 incinit
636 1231 691 1273 ore
712 1209 836 1274 modos!

35 1299 38 1306 ’
97 1291 226 1356 Interea
246 1293 350 1358 nostri
372 1297 527 1378 quaerunt
548 1293 609 1358 sibi
630 1293 744 1358 volnus
766 1293 872 1376 ocelli,

143 1375 294 1454 Candida
306 1399 373 1441 uon
393 1380 478 1442 tecto
500 1381 628 1462 pectere
649 1377 740 1458 siqua
760 1376 874 1456 sedet,¹

98 1459 174 1528 Sive
195 1462 269 1546 vagi
291 1462 393 1526 crines
415 1462 503 1546 puris
524 1463 560 1526 in
580 1461 740 1526 frontibus
763 1466 883 1542 errant,
1075 1519 1076 1528 ,

143 1543 253 1608 ludica
275 1565 354 1629 quos
375 1546 480 1610 medio
502 1547 620 1610 vertice
640 1567 766 1642 gemma
786 1548 884 1609 tenet.
1026 1535 1078 1604 103

100 1629 189 1704 Quae
211 1628 239 1693 si
260 1629 343 1694 ferte
365 1630 484 1714 aliquid
505 1631 594 1694 voltu
615 1629 694 1692 rmhi
716 1629 793 1692 dura
814 1631 960 1713 negarat,

143 1713 272 1798 Frigida
294 1713 332 1778 de
354 1717 423 1778 tota
443 1715 549 1777 fronte
572 1713 704 1780 cadebat
725 1734 814 1795 aqua.
837 1722 842 1782 t
866 1721 1035 1762 dtW'
1054 1721 1084 1738 ⁴

69 1796 491 1952 ''QuaeriaDemophoom
507 1819 562 1861 cur
577 1796 638 1861 sim
649 1799 715 1859 tam
728 1794 1022 1859 mollisincmnes‘?
1077 1795 1080 1808 '
1154 1852 1155 1855 ,

10 1905 13 1950 ,’
145 1881 236 1956 Quod
258 1882 380 1966 quaeris
387 1930 396 1964 ,
420 1903 512 1946 curae
533 1879 718 1944 nonhabet
739 1879 821 1943 ullus
844 1900 941 1942 amor.

10 1979 12 2038 i
102 1964 168 2030 Our
190 1965 303 2050 aliquis
326 1965 422 2030 sacris
445 1965 544 2029 laniat
566 1987 623 2028 sua
643 1962 773 2028 brachia
794 1963 903 2028 cultris
910 2012 918 2043 ,
1028 1974 1058 2024 15

10 2051 12 2108 i
145 2049 188 2112 Et
208 2048 345 2134 Phrygis
367 2049 496 2114 insanos
519 2047 659 2114 caeditur
680 2048 719 2111 ad
740 2046 911 2112 numeros?
1012 2077 1028 2102 ο

10 2109 12 2202 i
102 2132 281 2217 Vnicuique
303 2133 390 2198 dedit
410 2135 523 2198 vitium
544 2136 659 2197 natura
680 2134 801 2196 creato:
926 2139 929 2218 j

10 2205 12 2302 i
145 2216 191 2280 Mi
213 2217 342 2281 fortuna
363 2217 482 2301 aliquid
504 2237 628 2301 semper
649 2238 754 2280 amare
777 2215 877 2280 dedit:
925 2250 928 2284 ι

103 2300 156 2365 Me
178 2301 254 2365 licet
275 2304 308 2364 et
329 2299 505 2384 Thamyrae
528 2301 666 2366 cantoris
688 2301 754 2365 fata
776 2303 962 2383 aequantur,

145 2385 327 2469 Numquam
348 2385 388 2450 ad
408 2386 579 2467 formosas,
601 2384 722 2467 invide,
745 2404 856 2447 caecus
879 2404 941 2446 ero.
1028 2395 1062 2444 20

104 2468 166 2534 Sed
188 2469 248 2536 tibi
271 2469 298 2533 si
319 2470 416 2533 exiles
436 2469 547 2534 videor
567 2470 715 2532 tenuatus
736 2467 772 2530 in
793 2469 879 2530 artus
885 2515 894 2548 ‚

146 2553 292 2618 Falleris:
314 2551 393 2616 haut
413 2555 594 2638 umquamst
615 2552 700 2616 culta
720 2551 829 2615 labore
850 2549 969 2618 Venus.

103 2637 313 2703 Percunctere
334 2637 423 2702 licet:
445 2639 573 2723 saepest
593 2639 722 2721 experta
742 2635 850 2719 puella

147 2721 295 2786 Officium
317 2723 386 2786 tota
405 2724 500 2786 nocte
521 2721 626 2786 valere
646 2742 762 2786 mcum.

103 2807 248 2954 Iuffiiter
267 2805 454 2953 stlcmcuateu
487 2806 608 2902 emmas
629 2805 827 2951 reqfflf'tffi
847 2803 980 2886 Arctos,
1029 2814 1062 2864 25

212 2910 416 2954 caeumuoc
495 2909 711 2952 rssmeree
746 2910 808 2970 ur,

102 2975 173 3040 Nec
194 2977 303 3038 tamen
323 2972 441 3038 idcirco
463 2972 621 3056 languens
701 2971 836 3034 fulmina
856 2971 959 3034 venit:

146 3057 263 3124 Nullus
285 3078 374 3122 amor
395 3055 478 3124 vires
500 3055 545 3120 eri
568 3055 595 3118 it
615 3054 684 3138 ipse
706 3076 787 3119 suas.

10 3153 12 3228 ξ
101 3141 211 3218 Quid?
235 3163 307 3206 cum
329 3163 347 3205 e
368 3141 525 3224 conplexu
545 3077 708 3204 driuides
729 3137 791 3202 iret
812 3135 971 3215 Achillea,

10 3235 11 3272 t
146 3225 234 3290 Num
254 3225 366 3310 fugere
387 3225 493 3289 minus
515 3222 669 3286 Thessala
689 3222 753 3285 tela
773 3219 939 3304 Phryges?
1030 3233 1065 3283 30

10 3277 12 3410 ἶ
100 3309 210 3389 Quid?
243 3309 329 3374 ferus
362 3305 604 3373 Andromachae
637 3306 720 3370 lecto
753 3326 825 3368 cum
858 3309 1002 3388 surgeret

711 3387 846 3472 Hector,

10 3479 12 3598 Ξ
144 3477 238 3542 Bella
260 3475 450 3562 Mycenaeae
471 3496 539 3540 non
559 3474 693 3538 timuere
713 3472 818 3538 rates?
