2630 4110
260 199 296 245 w
631 181 844 238 PRAEFATlO.

260 351 503 428 interpolationes
520 369 594 425 quae
608 350 754 408 Italorum
768 369 821 426 per
836 368 910 408 saec.
926 349 981 409 XV
995 351 1129 426 libidine,
1151 371 1220 412 mox

260 437 402 513 Scaligeri
423 438 453 494 et
479 435 605 494 aliorum
627 433 714 492 Sexto
737 437 920 492 accesserant
941 435 1146 512 librorumque
1168 439 1221 512 qui

258 522 316 596 ipsi
341 520 515 579 viderentur
537 519 716 594 optimorum
737 518 892 577 adserendi
918 519 1060 580 lectiones
1081 523 1112 579 et
1138 540 1220 580 recu·

258 605 368 680 peratis
390 605 450 661 iem
470 603 651 662 sinceromm
673 601 806 661 codicum
827 603 1006 662 testimoniis
1021 623 1055 663 ac
1076 604 1220 664 falsorum

259 688 363 748 fraude
385 688 510 762 depulsa
531 686 708 745 emendandi
728 687 778 745 via
799 705 832 745 ac
854 689 967 746 ratione
988 707 1035 760 ee,
1059 707 1135 764 quae
1158 708 1220 748 cor-

258 775 347 847 rupta
375 790 438 830 esse
465 772 526 846 ipsi
550 773 628 830 esset
653 789 835 846 persuasum.
879 771 945 830 Hoc
971 775 1071 830 autem
1098 791 1221 832 munere

153 875 160 884 ’
259 860 322 916 tem
344 856 462 932 egregie
489 855 609 914 functus
631 857 691 926 est,
721 856 912 914 nomenoius
934 859 970 914 ut
991 857 1030 916 sit
1052 856 1220 915 habendum

260 940 340 998 haud
362 940 451 998 dubie
472 939 552 998 inter
574 939 691 1014 eosqui
711 935 875 1014 plurimum
895 940 1032 1016 profuere
1053 939 1219 1017 Propertio.

258 1024 337 1082 Nam
357 1023 414 1082 etsi
435 1023 536 1083 Puccii
557 1023 702 1098 excerptis
724 1042 759 1082 ex
781 1023 987 1099 antiquissimo
1008 1025 1034 1083 si
1056 1024 1101 1083 dis
1122 1025 1221 1100 placet

260 1109 360 1168 codice
381 1107 558 1167 Barnardini
572 1107 678 1166 Veliae
692 1107 788 1167 ductis
803 1108 930 1166 nimium
951 1107 1020 1167 fidei
1041 1109 1145 1167 habuit
1164 1127 1220 1168 nec

257 1191 334 1250 illud
351 1193 501 1267 perspexit
515 1192 661 1266 potiorem
682 1191 771 1266 longe
785 1211 848 1252 esse
862 1192 973 1250 librum
987 1191 1220 1268 Neapolitanum

259 1274 462 1351 Groningano,
484 1278 584 1334 tamen
598 1274 690 1334 verba
710 1275 859 1350 Propertii
879 1277 1031 1335 immensis
1053 1279 1125 1335 tunc
1146 1279 1220 1354 tem·

257 1361 338 1435 poris
365 1360 525 1434 depravata
550 1359 829 1434 interpolationibus
856 1359 992 1434 plurimis
1020 1361 1052 1418 in
1079 1360 1152 1420 locis
1181 1361 1220 1420 ad
1287 1411 1288 1440 p

257 1444 416 1518 pristinem
436 1444 571 1516 formem,
592 1443 720 1502 laceram
742 1443 863 1518 quidem
883 1443 965 1504 fliam
987 1448 1017 1504 et
1038 1445 1219 1518 mendosam,

258 1528 310 1586 sed
337 1528 435 1587 fucata
455 1527 552 1601 specie
574 1527 638 1586 veri
665 1531 813 1586 carentem
840 1529 1001 1587 revocavit.
1045 1528 1122 1586 Tum
1144 1548 1220 1604 quae

258 1611 418 1687 depravata
439 1612 612 1670 viderentur
632 1611 691 1686 ipsi
716 1612 779 1671 sive
800 1611 927 1670 aliorum
947 1631 1020 1672 usus
1042 1613 1220 1672 coniecturis

258 1696 319 1755 sive
340 1695 470 1770 propriis
491 1715 601 1772 magna
622 1714 657 1754 ex
678 1698 762 1770 parte
784 1695 911 1756 feliciter
932 1716 1000 1756 cum
1022 1700 1169 1770 sanasset,
1193 1699 1221 1756 si

256 1782 357 1840 tamen
383 1799 492 1840 evero
519 1798 743 1855 nonnumquam
772 1781 934 1853 aberravit,
962 1779 1035 1857 quid
1055 1781 1166 1840 mirum
1187 1782 1221 1840 in

256 1863 480 1924 adulescentulo
503 1865 554 1924 vix
575 1864 684 1942 viginti
705 1863 872 1924 annorum?

320 1948 440 2023 Duplici
464 1952 563 2008 autem
589 1950 677 2009 modo
704 1951 805 2009 evenit
832 1953 867 2008 ut
895 1950 990 2024 quod·
1008 1968 1113 2008 verum
1141 1953 1221 2010 esset

256 2031 335 2090 haud
356 2049 424 2090 raro
446 2051 514 2090 eum
535 2033 662 2090 falleret.
706 2032 841 2091 Primum
862 2035 942 2092 enim
964 2033 1098 2091 codicum
1125 2034 1220 2093 since-

256 2133 357 2172 rorum
378 2115 529 2186 lectiones,
553 2134 625 2190 quas
647 2115 700 2172 diu
721 2117 870 2174 oblivione
892 2133 1003 2174 mersas
1024 2116 1088 2190 ipse
1109 2136 1219 2194 magno

257 2217 324 2258 cum
345 2198 446 2258 labore
468 2199 594 2258 eruisset
614 2201 645 2258 et
667 2199 753 2273 qussi
780 2199 843 2256 iure
870 2198 1047 2273 postliminii
1068 2199 1218 2273 donasset,

256 2283 392 2342 ofrenda
406 2283 537 2359 integras
552 2281 627 2356 illas,
644 2286 774 2341 ceterum
784 2285 886 2357 aperte
901 2285 1052 2358 corruptas
1066 2284 1220 2344 interdum

257 2366 394 2442 cupidius
418 2369 463 2426 est
483 2367 610 2440 tutatus,
633 2367 715 2426 cuius
731 2367 821 2426 studii
841 2367 936 2426 socios
957 2366 1062 2426 habuit
1075 2368 1219 2428 Iacobum

256 2453 287 2510 ct
307 2451 466 2526 plerosque
487 2451 571 2510 alios.
613 2451 728 2510 Deinde
750 2452 797 2512 hic
817 2451 880 2510 illic
894 2451 1070 2512 coniecturis
1091 2453 1220 2513 indulsit

257 2539 308 2594 aut
329 2553 390 2594 non
404 2535 577 2596 necessariis
593 2539 645 2595 sut
665 2536 754 2595 nimis
770 2535 908 2594 violentis
923 2537 975 2594 aut
995 2535 1116 2610 talibus
1141 2555 1218 2612 quoe

256 2619 361 2680 melius
383 2622 569 2679 mutarentur
589 2620 716 2679 aliorum
738 2620 908 2680 criticorum
928 2620 1069 2681 inventis.

320 2703 377 2762 Sed
398 2704 435 2762 ab
462 2704 509 2762 his
532 2722 605 2778 quas
626 2704 713 2763 modo
735 2705 857 2779 exposui
876 2703 1041 2764 rationibus
1063 2705 1152 2781 longe
1173 2706 1218 2764 di·

255 2805 356 2846 versae
377 2789 447 2847 illae
470 2806 543 2863 quos
565 2791 683 2848 secutus
704 2791 750 2848 est
770 2788 803 2846 in
817 2789 994 2848 ereticorum
1014 2789 1100 2848 libris
1114 2808 1217 2849 recen-

240 2871 355 2930 sendis
370 2867 447 2930 anno
461 2869 745 2932 MDCOOXXVIHI.
781 2872 858 2932 Nam
878 2891 945 2932 cum
966 2873 1121 2948 probasset
1141 2873 1217 2932 iudi-

256 2956 339 3015 cibus
366 2956 480 3015 idoneis
509 2957 589 3015 viam
615 2959 701 3016 antee
733 2957 840 3016 initam
868 2957 1028 3016 confutatis
1060 2957 1217 3018 fraudibus

254 3039 399 3099 Italorum
420 3041 658 3116 antiquissimam
685 3041 814 3103 formam
839 3041 1018 3116 scriptorum
1039 3040 1217 3102 Latinorum

254 3125 460 3199 recuperandi,
494 3144 511 3183 a
538 3143 598 3201 qua
623 3125 719 3185 omnis
747 3125 924 3206 emendandi
950 3144 998 3185 ers
1025 3129 1055 3184 et
1082 3126 1217 3186 studium

253 3208 499 3284 proficisceretur,
521 3223 594 3285 quas
608 3210 696 3268 modo
710 3209 865 3286 Propertio
878 3211 1008 3270 rationes
1022 3210 1083 3268 iam
1097 3208 1216 3270 Catullo

254 3295 285 3350 ct
306 3292 423 3352 Tibullo
445 3293 581 3352 adhibuit
600 3288 690 3352 idem.
733 3294 770 3354 Id
796 3294 890 3370 igitur
909 3295 1097 3369 potissimum
1118 3295 1217 3354 voluit

254 3374 370 3436 efficere
397 3376 526 3435 editione
552 3395 645 3451 nove,
676 3381 712 3437 ut
743 3380 913 3455 legerentur
940 3379 1118 3438 eroticorum
1144 3378 1216 3438 libri

253 3478 314 3520 non
336 3461 439 3537 quales
461 3461 498 3519 ab
524 3462 599 3537 ipsis
619 3463 789 3522 auctoribus
811 3460 912 3522 essent
932 3463 1032 3522 emissi
1052 3462 1086 3522 in
1106 3463 1215 3540 volgus
