2632 4140
3 683 6 808 l

2 860 6 930 t
121 894 154 942 10
209 879 303 944 Hanc
325 902 439 966 sequar
460 884 492 946 et
512 881 594 947 fidos
615 904 681 946 una
702 888 777 968 aget
797 905 874 950 aura

170 962 279 1028 Vnum
300 964 375 1029 litus
398 965 459 1030 erit
479 966 592 1051 sopitis
613 981 738 1050 unaque
759 971 845 1033 tecto

212 1049 333 1132 Arbor,
355 1052 448 1114 etex
468 1069 533 1114 una
555 1071 648 1134 saepe
669 1051 814 1116 bibemus
837 1074 935 1137 aqua,

169 1131 337 1280 Etftrabula
350 1154 418 1282 Ἢ
430 1133 836 1283 dippishpoteritnpipppponere
851 1139 1010 1284 amaptes,

256 1237 312 1282 ora
333 1238 437 1282 cue
560 1239 616 1283 seu
736 1243 943 1306 pupp1ser1.

121 1313 154 1362 rc
170 1300 286 1366 Omnia
306 1302 482 1386 perpetiar:
503 1323 616 1368 saevus
637 1303 713 1369 licet
733 1307 846 1452 urpeat
866 1303 971 1369 Eurus
1033 1315 1067 1365 co

104 213 203 285 xxm
252 264 258 272 ,
500 216 607 272 arrae
629 218 677 274 111.
1027 216 1068 280 51

140 375 256 440 cNam
275 397 348 442 mea
368 398 440 442 cum
454 378 582 462 recitat,
603 379 681 444 dicit
701 400 734 444 se
748 380 852 445 odisse
866 381 991 446 beatos:
1035 393 1068 442 25

213 458 363 524 Carmina
383 463 450 524 tarn
473 465 582 526 sancte
603 463 692 528 nulla
713 465 822 547 puella
843 465 929 530 colit.

169 541 308 622 Multum
335 544 370 608 in
397 549 519 610 amore·
533 545 627 626 fides,
660 549 797 613 multum
825 549 1005 613 constantia

214 711 276 787 Qui
291 713 365 776 dare
380 713 482 778 multa
495 717 611 799 potest,
625 632 895 782 moltddetdaersddre
909 719 1025 800 potest.

171 796 235 862 Seu
254 817 341 861 mare
362 818 420 881 per
440 798 576 884 longum
596 820 668 864 mea
689 801 810 885 cogitet
830 802 876 865 irc
895 801 1018 949 ffila’
1033 896 1068 945 3⁰

176 1459 181 1466 ,
213 1384 354 1469 Velaquc
374 1387 411 1450 in
431 1387 588 1452 incertum
609 1386 745 1473 frigidus
797 1392 884 1453 uster
905 1392 996 1472 agat,

171 1468 366 1553 Quicumque
388 1473 421 1534 et
434 1471 523 1535 venti
543 1471 694 1536 miserum
708 1473 847 1537 vexastis
865 1471 982 1537 Vlixen

211 1551 256 1618 Et
275 1552 425 1618 Danaum
445 1553 590 1620 Euboico
612 1555 719 1622 littore
740 1557 828 1621 mille
848 1559 948 1640 rates,

169 1637 214 1702 Et
228 1638 283 1722 qui
297 1639 442 1702 movistis
457 1638 519 1703 duo
540 1639 699 1722 †littcra,
720 1661 793 1705 oum
813 1639 901 1704 rudis
915 1641 1025 1724 Argus

120 1735 155 1784 20
211 1721 285 1786 Dux
306 1724 375 1788 erat
395 1723 506 1807 ignoto
528 1722 627 1786 missa
648 1723 795 1788 columba
815 1724 905 1788 mari.
1032 1737 1067 1784 4ο

170 1805 232 1870 Illa
252 1807 332 1871 meis
353 1809 480 1872 tantum
501 1827 568 1871 non
588 1827 738 1891 umquam
760 1806 843 1871 desit
864 1807 988 1890 ocellis,

211 1889 366 1956 Incendat
386 1911 501 1956 navem
522 1889 666 1974 Iuppiter
689 1893 758 1975 ipse
779 1890 863 1954 licet.

171 1973 264 2039 Certe
285 1973 387 2040 isdem
408 1974 487 2039 nudi
508 1975 628 2058 pariter
649 1974 838 2039 iactabimur
859 1973 938 2038 oris:

212 2058 265 2123 Me
286 2058 362 2123 licet
382 2059 469 2122 unda
489 2057 587 2142 ferat,
608 2061 640 2123 te
662 2058 758 2124 modo
779 2061 865 2124 terra
885 2059 986 2143 tegat.

119 2155 154 2205 25
170 2140 232 2208 Sed
251 2163 320 2208 non
340 2142 510 2226 Neptunus
531 2145 622 2208 tanto
646 2143 782 2208 erudelis
803 2142 918 2226 amori,
1032 2153 1066 2204 45
1178 2148 1182 2154 “

210 2226 381 2312 Neptunus
401 2226 495 2291 fratri
516 2249 574 2311 par
597 2228 633 2292 in
654 2231 761 2292 aniore
781 2226 863 2292 Iovi.

169 2309 273 2375 'Pestis
292 2311 473 2395 Ameone
507 2311 618 2377 latices
639 2333 711 2376 cum
731 2312 844 2394 ferret,
864 2311 900 2375 in
919 2311 1018 2396 Argis

212 2393 395 2479 conpressa
416 2399 449 2459 et
469 2361 591 2459 lernae
612 2395 706 2480 pulsa
725 2394 864 2459 tridente
885 2394 987 2478 palus.
1111 2461 1117 2469 ,

169 2478 238 2542 lam
260 2478 337 2546 deus
359 2479 507 2564 amplexu
528 2482 638 2544 votum
659 2479 828 2564 persolvit,
851 2477 953 2560 atilli

116 2577 153 2625 80
209 2564 316 2628 Aurea
336 2561 461 2628 divinas
482 2585 563 2628 urnc
582 2562 726 2649 profudit
746 2584 854 2648 aquas.
1032 2576 1067 2625 50

170 2645 338 2712 Crudelem
359 2651 392 2712 et
413 2646 540 2713 Borean
560 2651 654 2734 rapta
675 2647 823 2733 Orithyia
843 2619 1027 2800 negavitx

211 2730 273 2796 Hic
295 2731 372 2796 deus
394 2735 427 2796 et
446 2735 547 2796 terras
569 2736 602 2798 et
622 2733 723 2798 maria
743 2733 810 2798 alta
831 2732 950 2799 domat.

169 2813 271 2882 Grada
291 2815 387 2901 mihi,
410 2815 503 2880 nobis
517 2816 664 2882 mitescet
678 2816 786 2900 Scylla
798 2837 858 2882 nec
872 2837 1023 2900 umquam

210 2900 401 2964 Alternante
423 2919 541 2964 vacans
562 2904 654 2966 vasta
675 2899 851 2982 Charybdis
874 2921 892 2964 a
914 2921 970 2980 ua,

111 2998 150 3048 35
166 2983 303 3069 Ipsaque
323 2983 427 3049 sidera
447 2986 541 3049 erunt
558 2983 655 3050 nullis
676 2982 812 3048 obscura
831 2986 906 3048 tene
928 2983 988 3047 ris:
1031 2994 1065 3044 oo
1195 3029 1201 3040 .

210 3067 312 3133 Purus
335 3071 367 3133 et
382 3067 497 3152 Orion,
518 3089 616 3154 purus
638 3071 671 3133 et
690 3065 820 3132 Haedus
842 3067 912 3130 erit.

169 3150 261 3228 Quod
282 3151 362 3216 mihi
383 3153 411 3216 si
431 3152 581 3237 ponenda
604 3156 660 3218 tuo
681 3151 724 3216 sit
746 3170 877 3235 corpore
898 3150 980 3236 vita,

210 3235 324 3302 Exitus
344 3235 398 3305 hic
418 3236 512 3302 nobis
534 3256 601 3302 non
622 3235 810 3302 inhonestus
833 3234 903 3300 erit
