2666 4138
249 205 285 254 vx
617 143 831 244 inanimo.

246 379 353 420 narum
367 359 405 418 ab
416 357 502 417 Italis
516 374 614 416 orasse
623 357 759 416 Minerva
774 355 988 431 eompletarum
1001 355 1082 415 haee.
1102 355 1219 433 Itaque

246 444 318 517 IIII,
337 445 364 516 1,
381 445 420 501 27
437 443 603 502 (iustarum
613 440 756 501 Wolfium
771 443 889 499 secutus
902 458 958 515 pro
972 459 1007 500 eo
1021 441 1103 516 quod
1116 445 1166 500 est
1179 443 1220 502 in

247 529 325 588 libro
345 525 538 602 Groningano
560 525 708 585 minutula
727 525 817 598 pum*
835 524 1024 583 scribendum
1048 525 1124 584 dixit
1142 544 1218 586 oum

242 613 327 688 prou
340 611 538 680 Scamandro:
557 609 638 668 idenr
656 608 734 681 1111,
757 609 791 682 5,
808 609 848 667 39
868 608 1086 669 sommendarit
1104 627 1218 670 noeen-

248 702 313 756 tum
331 714 387 772 pro
405 698 576 771 pipautwn,
596 696 629 752 et
646 691 708 766 111,
724 693 781 765 34,
797 693 837 750 53
856 693 1029 754 restauruns
1041 693 1141 754 undas
1155 713 1216 769 pro

247 781 398 840 tantaverit
416 779 522 838 undas.
565 777 622 838 His
640 777 713 836 loeis
738 776 876 836 omnibus
901 777 967 836 dest
992 777 1122 852 aNeap.
1144 778 1215 837 eod.

249 861 394 938 quidquid
413 864 530 938 prostat
549 863 583 920 in
596 861 698 934 Goon,
718 862 778 920 nisi
797 860 876 936 quod
889 860 980 919 hebet
992 881 1047 936 pro
1061 865 1217 924 restaverit

248 947 326 1006 illud
339 949 467 1008 restabit.
496 946 538 1004 ut
555 947 628 1005 haeo
641 945 762 1022 quidem
777 946 876 1004 omnia
895 945 1060 1004 rectissime
1073 965 1215 1021 perseeu-

248 1035 315 1090 tum
324 1034 464 1107 putamus
472 1029 652 1106 Hauptium:
667 1032 766 1090 minus
777 1031 879 1087 temen
886 1032 1000 1088 eertum
1008 1029 1094 1102 illud,
1107 1033 1215 1088 utrum

250 1117 328 1175 sieut
340 1117 374 1174 in
386 1115 417 1174 N
433 1117 524 1174 etiam
535 1117 568 1174 in
585 1115 745 1191 archetypo
757 1113 836 1172 unde
847 1112 952 1172 duetus
963 1117 1010 1172 est
1024 1114 1118 1173 fuerit
1130 1113 1213 1172 defe-

251 1203 316 1258 etus
330 1199 489 1260 verborum
509 1218 548 1256 an
562 1199 716 1258 extiterint
733 1197 878 1280 voeabula
891 1197 1022 1256 difficilia
1041 1199 1122 1256 lectu
1134 1216 1214 1273 quae

249 1284 333 1341 illius
347 1283 487 1342 librarius
502 1282 601 1342 taedio
615 1301 648 1341 se
660 1282 834 1340 difficultate
848 1282 945 1341 victus
959 1283 1119 1355 omitteret,
1136 1281 1214 1342 Gro-

250 1368 375 1442 ningaui
389 1366 457 1424 rudi
472 1369 535 1425 site
549 1367 661 1441 partim
672 1365 847 1442 depingeret
855 1367 966 1440 partim
976 1367 1118 1441 expleret.
1134 1365 1212 1426 Con-

251 1450 349 1509 sidera
362 1450 451 1509 modo
465 1449 540 1508 mihi
553 1451 621 1523 illa,
643 1469 718 1525 quae
732 1469 822 1525 supra
836 1451 896 1508 iam
909 1451 1008 1525 posita
1021 1453 1124 1508 extant
1136 1451 1213 1510 loeis

250 1533 388 1592 indicatis
402 1535 436 1592 in
450 1533 494 1593 (iz
515 1534 662 1594 cimabula
681 1535 784 1610 parvi,
804 1535 961 1594 restarent
973 1536 1083 1607 sendus,
1104 1537 1213 1612 gigan

250 1623 324 1686 turn,
339 1635 481 1694 agnosces
495 1619 603 1676 miram
617 1621 649 1676 et
666 1620 718 1677 vir
731 1619 887 1678 fortuitam
901 1619 1057 1677 literarum
1071 1619 1213 1678 similitu·

252 1701 352 1760 dinem
372 1720 440 1760 oum
460 1701 503 1762 eia
518 1721 592 1778 quae
607 1703 746 1762 oonstant
766 1703 800 1760 in
812 1703 938 1761 leotione
954 1703 1117 1762 emendata.
1146 1703 1213 1762 Iam

251 1786 309 1844 etsi
322 1804 410 1844 nemo
425 1787 474 1860 sit,
488 1789 620 1862 utputo,
641 1789 693 1862 qui
707 1788 784 1846 serio
798 1786 950 1845 existimet
963 1805 1065 1846 omnes
1079 1787 1212 1862 reliquos

251 1869 366 1930 oodioes
380 1872 553 1946 prouenisse
568 1891 605 1930 er
614 1871 653 1944 N,
664 1871 741 1930 illud
750 1869 871 1946 quidem
886 1871 1062 1930 concedetur
1076 1891 1093 1928 e
1106 1869 1211 1946 pleris-

251 1972 323 2028 que,
345 1957 381 2012 ut
399 1955 509 2029 ubique
529 1957 563 2014 in
582 1955 672 2030 Prop.
692 1956 794 2027 libris,
816 1955 860 2012 ita
877 1955 1005 2013 maxime
1025 1955 1212 2032 vigilandum

251 2039 295 2096 eis
315 2039 403 2110 loeis,
423 2039 476 2096 ubi
496 2040 677 2098 omittuntur
694 2039 786 2099 rerba
805 2038 904 2098 oodioe
919 2039 1041 2114 optimo.
1071 2037 1212 2099 Ceterum

252 2121 376 2178 minime
391 2121 555 2180 audiendus
569 2122 795 2196 Heimreiohius,
815 2124 868 2197 qui
882 2122 1027 2198 quidquid
1040 2123 1077 2182 ab
1091 2122 1147 2180 hoo
1161 2123 1211 2180 ab·

252 2207 299 2262 est
319 2222 353 2261 ea
373 2205 457 2280 quasi
476 2205 567 2264 iureis
588 2207 764 2282 expellenda
782 2225 818 2264 ex
832 2206 922 2282 Prop.
943 2208 1093 2266 existimat
1107 2208 1211 2278 earmi-

251 2287 349 2362 nibus‚
365 2288 402 2346 de
417 2307 475 2364 qua
488 2307 531 2362 re,
551 2294 641 2366 prout
654 2291 714 2350 fert
728 2291 855 2362 ooousio,
878 2293 911 2350 in
931 2291 1141 2350 commentario
1156 2291 1211 2348 ori-

251 2371 311 2430 tioo
327 2375 441 2449 egetur.
470 2372 575 2433 Fidem
595 2375 703 2434 oodiois
719 2373 778 2434 Gra
796 2375 946 2454 plerisque
960 2376 1021 2434 iam
1034 2378 1070 2434 ut
1083 2374 1212 2434 vidimus

250 2456 339 2514 ualde
353 2460 566 2532 suspectum,
588 2459 685 2518 denuo
706 2459 858 2518 adstruere
873 2461 995 2520 conatus
1010 2462 1057 2520 est
1071 2457 1212 2518 Christia-

250 2557 308 2599 nus
323 2539 543 2601 Luetiohsnnes
557 2543 590 2600 in
600 2543 898 2602 commentationibus
909 2543 1122 2618 Propertianis,
1137 2561 1214 2617 quae

250 2623 389 2699 prodiere
409 2643 434 2682 a
453 2627 533 2684 1869
549 2626 661 2701 Kilise,
677 2646 727 2704 pg.
744 2629 763 2686 3
779 2645 853 2702 sqq„
870 2629 942 2688 satis
955 2628 1076 2702 quidem
1090 2627 1142 2684 ille
1156 2627 1212 2685 eir-

252 2710 422 2784 oumspeoto
438 2711 469 2767 et
482 2709 623 2782 prudenti
643 2730 714 2772 usus
733 2711 852 2770 iudicio.
882 2711 964 2784 Mihi,
987 2715 1022 2770 ut
1040 2729 1138 2771 meam
1152 2711 1213 2768 iam

252 2793 432 2850 sententium
446 2793 587 2868 aperiam,
601 2795 722 2854 videtur
735 2794 762 2854 G
775 2795 855 2854 haud
868 2795 1021 2856 dissimilis
1036 2795 1142 2858 oodiois
1157 2792 1212 2852 Oa-

251 2873 323 2932 tulli
337 2874 461 2950 Datani,
483 2877 516 2936 in
534 2897 593 2954 quo
613 2879 757 2955 quasdam
777 2881 915 2956 egregiae
928 2879 998 2938 fidei
1011 2881 1153 2938 lectiones
1166 2879 1212 2936 in·

251 2959 363 3032 venias,
385 2959 458 3021 elias
479 2979 546 3021 eum
567 2964 688 3022 eudaoia
707 2965 916 3038 interpolatas,
937 2967 1087 3024 attamen
1099 2963 1151 3022 iile
1165 2979 1213 3021 oo

252 3041 309 3100 der
327 3044 417 3120 longe
437 3048 555 3122 saepius
575 3047 615 3107 sit
633 3047 808 3106 immutatus
824 3047 970 3107 Italorum
986 3049 1109 3106 arbitrio
1124 3065 1213 3122 quarn

250 3125 309 3186 hie.
337 3127 438 3188 Etiam
458 3130 514 3190 hoe
534 3149 690 3190 commune
709 3131 829 3206 utrique
842 3132 930 3206 libro,
951 3133 1031 3208 quod
1044 3131 1213 3192 emendato-

250 3227 299 3270 res
313 3213 492 3288 quicumque
511 3215 634 3297 iuerunt
648 3215 716 3275 suni
729 3215 808 3274 haud
822 3233 915 3292 pauoa
928 3217 1009 3276 etex
1023 3219 1107 3292 parte
1121 3215 1212 3274 sanis-

251 3293 327 3353 sima
347 3299 557 3374 temptassent,
576 3301 627 3360 rix
644 3303 746 3360 tamen
765 3301 862 3360 rarius
881 3300 1069 3376 ineptissima
1082 3314 1215 3375 quaeque

251 3377 374 3437 mirifica
393 3381 489 3440 tulere
504 3383 701 3460 indulgentia.
732 3383 871 3443 Ceterum
886 3385 1125 3460 interpolationis
1140 3402 1214 3460 quae

250 3461 392 3523 saevierit
422 3464 455 3524 in
479 3467 592 3526 librum
612 3467 639 3528 G
670 3469 805 3544 exempla
834 3469 964 3544 plurime
989 3469 1102 3545 pariter
1127 3471 1216 3544 atque

921 3677 926 3820 t

918 3924 983 4018 if
