2630 4110
459 233 673 292 PRAEFATIO.
982 247 1045 296 mn

99 421 159 478 ego,
178 403 261 474 ficem
281 400 416 478 plerique
435 401 520 476 libri,
542 402 593 460 alii
614 404 718 478 operia
737 401 841 461 fraude
861 419 971 464 curam.
1000 403 1048 464 Iu

99 490 141 560 63,
158 489 172 544 1
188 487 307 562 quidam
322 485 427 560 scripti
443 486 531 544 etiam
545 487 632 558 fidem
646 505 701 561 pro
715 488 817 546 sedem.

152 589 190 646 ib.
206 589 224 645 2
239 589 377 646 concinet
391 585 524 659 Vossius,
540 589 671 647 imminet
685 587 750 647 cdd.

151 673 189 730 ib.
205 671 234 730 4.
264 669 309 730 Cf.
325 670 353 728 d.
368 689 393 728 r.
409 689 448 728 m.
464 689 514 746 pg.
533 671 602 730 151.

153 757 234 835 59,2
249 757 310 814 exis
323 753 457 826 Vossius,
474 757 530 815 cris
545 755 658 832 scripti.

154 857 252 929 63,1.
283 853 355 914 Gdd.
377 854 516 914 exhibent
535 855 611 914 illud
625 874 737 930 parurn
757 859 798 917 esi
817 857 890 916 mibi
909 857 985 930 quod
1003 857 1050 918 bic

96 942 143 1011 fici
155 941 245 1000 scam
259 939 323 1002 sire
334 939 430 1012 fidem.
456 939 520 998 Iam
535 941 573 998 ob
587 941 718 1000 rationes
732 943 870 1000 meirioas
885 941 1048 1000 certissima

96 1043 157 1082 cum
170 1026 309 1100 appareat
324 1025 355 1082 et
369 1024 438 1099 posi
451 1023 497 1084 bic
510 1026 542 1082 eb
555 1026 623 1100 posb
634 1025 688 1095 fici
699 1042 763 1083 esse
774 1025 904 1098 lacunas,
919 1044 992 1100 quas
1005 1025 1050 1084 ita

97 1109 284 1182 explevimus,
305 1110 340 1166 nb
355 1109 455 1183 aperto
471 1126 575 1166 sensus
588 1107 720 1183 flagitat,
741 1107 817 1166 nihil
830 1111 983 1184 praeterea
997 1127 1048 1167 no·

97 1195 190 1251 venies
204 1192 262 1252 nisi
278 1191 357 1266 quod
371 1191 448 1250 illud
461 1192 536 1250 mibi
549 1191 719 1251 traiecimus
733 1195 769 1250 ub
783 1191 956 1251 annumero
972 1192 1048 1250 scili-

98 1276 233 1345 00660106
246 1278 376 1334 metrum
393 1272 475 1351 (nam
490 1277 522 1334 ab
535 1293 699 1350 pronomen
713 1275 797 1336 nullo
812 1275 900 1335 modo
916 1295 983 1334 cum
993 1294 1050 1350 pa·

98 1374 157 1418 ram
177 1379 263 1435 posse
285 1361 425 1435 coniungi
445 1378 494 1419 vv.
516 1361 535 1416 4
555 1362 586 1418 eb
608 1361 626 1418 6
648 1357 882 1435 demonstrant),
903 1359 991 1420 hodic
1016 1363 1050 1420 ub

98 1445 162 1502 olim
180 1441 218 1523 [d.
233 1464 259 1502 r.
275 1464 315 1502 m.
332 1439 405 1527 227]
422 1443 503 1502 omni
518 1444 643 1520 pignore
659 1445 841 1520 spondemus
852 1443 973 1503 inicium
988 1463 1049 1502 car·

98 1529 177 1587 minis
191 1527 355 1603 antiquibus
370 1527 460 1586 fuisse
475 1528 550 1586 bale:

212 1615 357 1688 parumsb,
374 1611 453 1688 quod
468 1611 515 1670 hic
531 1629 598 1670 cum
612 1612 732 1672 fixerint
746 1613 819 1671 mihi
834 1613 943 1672 sedem.

152 1713 190 1772 ib.
207 1715 235 1773 9.
258 1710 343 1772 Libri
364 1713 458 1772 ferme
479 1713 535 1772 buc
556 1714 629 1772 addc
644 1715 719 1787 quod
739 1732 784 1773 mc
797 1715 952 1774 terribilem
965 1713 1050 1784 fuste,

99 1798 209 1872 excepto
231 1797 312 1872 quod
330 1797 406 1854 illud
425 1814 471 1856 mc
491 1797 576 1856 abest
596 1797 632 1855 ab
652 1815 712 1856 uno
734 1797 832 1857 Guelf.
873 1797 972 1855 Minus
992 1797 1052 1856 iam

99 1881 186 1954 placeb
204 1880 285 1956 quod
307 1880 379 1939 olim
396 1875 436 1958 [d.
452 1899 476 1939 r.
492 1900 533 1938 m.
552 1875 623 1959 161]
640 1881 782 1955 proposui
798 1880 959 1954 explendae
973 1879 1051 1938 lacu-

99 1982 147 2022 nae
159 1966 185 2024 b.
197 1984 223 2025 o.
237 1984 264 2039 q.
277 1968 296 2024 6.
309 1969 336 2024 et
349 1982 363 2023 e
376 1965 446 2024 rudi
458 1962 544 2035 suste,
557 1965 698 2039 quoniam
713 1983 748 2022 ea
762 1966 932 2024 scazontum
945 1963 1052 2024 horum

99 2047 166 2123 legis
186 2052 231 2109 esi
251 2049 409 2121 severitas,
430 2051 465 2107 ub
485 2047 603 2108 exclusa
623 2047 663 2107 sic
683 2049 720 2107 ab
743 2047 786 2108 eis
801 2049 1051 2124 semisepbenan'a.

101 2130 231 2208 Suspicor
246 2133 410 2208 antiquitus
424 2131 517 2192 fuisse
532 2131 676 2191 traditum
690 2132 767 2190 illud
780 2134 807 2191 b.
824 2151 851 2192 a.
868 2151 893 2206 q.
909 2151 953 2192 mc
969 2133 1053 2192 bilem

99 2215 174 2286 fecie,
187 2219 254 2276 bum
269 2216 306 2274 acl
320 2235 440 2276 sensum
454 2215 636 2275 fulciendum
648 2217 737 2276 simul
749 2219 779 2276 et
788 2216 967 2276 resarciendi
981 2237 1052 2292 quc·

99 2317 150 2374 quo
164 2302 251 2360 modo
266 2319 458 2359 numerorum
474 2299 573 2358 damni
589 2320 675 2360 causa
688 2302 854 2376 repositum
867 2301 899 2358 id
913 2301 993 2375 quod¹
1008 2303 1054 2360 cst

99 2386 251 2458 terribiem,
263 2385 340 2443 male
354 2383 515 2444 recordatis
530 2387 565 2442 ub
578 2388 650 2460 puta
662 2386 711 2458 56,
724 2385 760 2458 4;
778 2387 826 2458 20,
841 2387 869 2443 6.
886 2384 972 2455 Quod
986 2403 1053 2443 cum

99 2466 183 2528 iisse
201 2469 312 2528 habere
331 2469 482 2541 videatur,
504 2469 564 2527 iam
585 2473 681 2528 metro
701 2469 813 2544 pariter
833 2470 865 2527 eb
889 2469 1053 2528 sententiae

99 2552 200 2626 optime
215 2551 404 2613 consulemus
419 2551 573 2612 scribendo

240 2637 300 2696 huc
317 2636 390 2695 adde
406 2637 486 2711 quod
500 2655 548 2694 mc
563 2638 647 2696 uilem
661 2641 687 2696 ei
701 2654 716 2696 c
729 2638 799 2697 rudi
813 2637 901 2696 fuste.

154 2737 193 2798 ib.
211 2738 261 2798 15.
299 2735 427 2796 Omnino
448 2737 653 2814 reponendum
674 2737 754 2814 quod
773 2739 925 2798 neminem
945 2735 1054 2796 vidisse

98 2820 183 2880 miror
201 2823 241 2882 od
261 2823 331 2880 bace
352 2819 436 2898 (libri
452 2823 491 2880 ad
504 2819 610 2899 boec),
631 2841 701 2880 nam
716 2825 840 2897 apparet
852 2841 902 2882 vr.
921 2823 1054 2881 15—18

100 2904 230 3048 Eligam&
251 2923 460 2980 summumque
481 2907 628 2964 malcrum
651 2905 757 2982 quibus
772 2909 915 2983 urgeatur
929 2904 1055 2981 Priapus

155 3089 194 3147 ib.
215 3091 264 3148 18.
287 3087 334 3148 Ex
351 3089 497 3150 librorum
519 3091 694 3167 corruptelis
716 3093 750 3150 ui
763 3093 837 3166 puta
850 3107 912 3148 coa
925 3089 1057 3150 admove·

99 3172 141 3240 iis,
153 3191 213 3232 acc
226 3175 268 3232 ool
280 3175 415 3244 iacentis,
426 3193 487 3234 aco
500 3177 626 3234 iaceatis
641 3174 788 3234 similibus
804 3173 885 3232 facili
900 3191 989 3250 opera
1004 3176 1055 3234 eli-

100 3255 142 3312 cui
155 3275 214 3316 aca
227 3259 389 3328 0601110060·
404 3259 503 3318 minus
518 3260 599 3317 enim
612 3259 750 3333 placebat
763 3259 910 3318 camoenis.
941 3257 1056 3321 Eodem

99 3355 180 3398 versu
193 3341 225 3400 id
238 3341 318 3417 quod
333 3343 380 3400 esi
393 3345 547 3414 probroso,
570 3342 707 3400 omnibus
728 3341 880 3400 firmatum
895 3343 1054 3414 codicibus,

99 3421 213 3499 reliqui,
235 3444 303 3483 curn
323 3425 461 3485 videatur
479 3427 567 3501 pocla
586 3425 713 3484 formam
739 3426 824 3504 uulgi
844 3426 1056 3486 consuetudine

99 3501 257 3568 breviatam
271 3510 303 3568 in
318 3527 405 3569 suum
420 3528 507 3570 usum
523 3511 712 3586 conuertisse,
723 3513 759 3570 ub
768 3511 878 3571 similia
888 3509 988 3586 plebei
996 3527 1056 3568 ser·
