2636 4146
258 223 301 287 10
619 225 812 282 recensui
1166 224 1230 295 [11.
1303 299 1305 316 Ι

275 401 307 450 10
362 387 432 452 Nec
453 390 527 472 pote
550 390 703 473 cognatos
725 387 808 452 iuter
830 386 962 450 humare
983 407 1096 470 rogoS,

323 471 385 536 Sed
399 473 455 536 tua
467 493 554 537 nunc
568 472 712 536 volucres
733 474 840 535 astant
854 492 948 555 super
970 491 1044 535 ossa
1063 470 1228 553 marinae,

368 555 464 620 Nunc
477 555 537 620 tibi
550 577 609 640 pro
624 556 746 621 tumulo
762 554 970 639 Carpathium
984 575 1078 621 omns
1092 560 1228 620 marest.

298 638 440 735 11110111
461 641 594 723 Aquilo,
616 642 727 725 raptae
748 640 845 704 timor
867 639 1046 722 Orithyiae,

300 735 308 792 1
366 722 453 800 Quae
475 724 577 808 spolia
598 744 637 788 ex
658 725 716 788 illo
737 726 829 790 tanta
849 724 939 789 fuera
959 723 1039 788 tibi?

278 819 309 872 1⁶
324 807 391 871 Aut
412 807 562 890 quidnam
584 808 686 872 fracta
749 807 841 892 udas,
863 807 1028 905 Neptune,
1052 806 1187 874 carina?

365 890 518 956 Portabat
540 894 666 956 sanctos
688 913 795 957 aveus
816 893 871 957 ille
892 913 988 956 viros.
1306 959 1307 982 χ

323 974 434 1058 Paete,
450 975 525 1060 quid
540 978 677 1040 aetatem
690 976 861 1041 numeras?
884 975 961 1060 quid
976 997 1049 1040 cara
1061 977 1190 1041 natanti
1306 985 1307 990 ’

366 1059 470 1124 Mater
490 1059 526 1123 in
547 1081 601 1124 ore
623 1060 735 1125 tibist?
756 1082 824 1125 non
845 1060 943 1124 habet
964 1059 1050 1124 unda
1071 1059 1158 1124 daos.

323 1142 407 1209 Nam
428 1143 488 1208 tibi
509 1145 673 1210 nocturnis
696 1144 736 1208 ad
757 1167 833 1210 saxa
854 1145 954 1230 ligata
974 1145 1123 1228 procellis

273 1239 308 1289 20
364 1225 480 1292 Omnia
501 1227 617 1292 detrito
638 1229 766 1294 11110011
786 1228 863 1296 fune
884 1228 1009 1292 cadunt.

323 1309 406 1375 Sunt
426 1312 697 1396 Agamemnonias
718 1313 870 1378 testantia
890 1312 985 1377 litora
1007 1333 1114 1393 curas,
1307 1327 1308 1352 i

365 1393 452 1469 Quae
473 1398 566 1458 notat
587 1395 735 1480 Argynni
756 1415 860 1481 poena
881 1396 1157 1460 Athamantiadae.

321 1476 394 1541 Hoc
415 1477 527 1542 iuvene
549 1479 666 1544 amisso
688 1481 822 1545 classem
842 1503 909 1545 non
935 1480 1031 1545 solvit
1051 1479 1198 1564 Atrides,

363 1560 427 1624 Pro
449 1583 511 1645 qua
531 1566 699 1628 mactatast
720 1563 889 1650 Iphigenia
909 1585 1008 1630 mora.

273 1644 371 1710 10110
408 1649 493 1710 ratas
515 1667 626 1710 curvas
649 1650 682 1712 at
702 1648 759 1712 leti
780 1649 878 1714 texite
900 1669 1024 1715 causas:

273 1741 308 1792 00
363 1694 431 1794 lsta
451 1751 508 1814 per
529 1729 684 1796 humanas
706 1754 792 1798 mors
813 1733 902 1797 venit
922 1736 993 1798 acta
1013 1753 1136 1797 manus.

325 1811 421 1877 Terra
442 1837 554 1898 parum
576 1815 681 1881 fuerat
701 1816 791 1900 fatis,
815 1816 986 1882 adiecimus
1008 1816 1125 1880 undas:

365 1897 525 1964 Fortunas
547 1899 679 1965 miseras
701 1902 845 1966 auximus
867 1904 934 1967 arte
955 1900 1032 1966 vias.

321 1983 451 2048 Ancora
472 1987 505 2047 tc
525 1985 647 2070 teneat,
670 2006 765 2069 quam
785 2006 853 2052 non
873 1989 1003 2050 tenuere
1024 1983 1188 2050 Penates?

365 2065 448 2140 Quid
469 2067 618 2134 maritum
640 2068 740 2152 dicas,
765 2070 815 2134 cui
837 2091 895 2135 sua
915 2071 1000 2134 terra
1019 2070 1189 2155 parumst?
1309 2070 1310 2152 1

273 2162 307 2211 11
321 2147 545 2234 Ventorumst,
563 2151 782 2238 quodcumque
801 2175 909 2238 paras:
931 2153 1010 2218 haut
1027 2153 1094 2218 ulla
1114 2155 1229 2220 carina

365 2230 555 2316 0011001111,
577 2235 662 2299 fallit
681 2239 793 2320 portus
815 2241 849 2302 et
869 2239 938 2322 ipse
958 2237 1063 2302 fidem.
1119 2281 1123 2288 ·
1309 2247 1310 2254 ’

321 2314 445 2381 Natura
465 2317 619 2383 insidians
640 2323 776 2403 pontum
798 2321 971 2388 substravit
991 2321 1109 2386 auaris:

363 2399 409 2463 Vt
429 2401 490 2466 tibi
512 2403 674 2488 succedat,
697 2405 750 2469 vix
771 2407 869 2471 semel
891 2427 960 2472 assa
981 2409 1096 2490 potest

324 2481 408 2550 Saxa
428 2487 636 2571 triumphales
657 2489 781 2574 hagene
804 2488 968 2574 Capherea
988 2511 1126 2576 puppeS,

272 2580 307 2629 40
361 2567 528 2655 Naufraga
550 2593 622 2636 cum
643 2576 733 2637 vasto
757 2573 891 2639 Graecia
910 2577 1012 2639 tracta
1034 2573 1143 2640 salost

321 2651 480 2718 Paulatim
502 2655 623 2721 socium
644 2657 799 2722 iacturam
820 2659 909 2724 flevit
928 2657 1053 2743 Vlixes,

364 2735 403 2800 In
424 2759 511 2802 mara
534 2738 585 2802 cui
606 2740 694 2804 soliti
714 2761 782 2806 non
803 2743 929 2808 valuere
950 2743 1025 2808 doli.
1299 2803 1304 2812 .

323 2817 415 2895 Quod
437 2821 465 2886 si
487 2824 656 2888 contentus
676 2826 781 2910 patrio
804 2826 886 2892 bove
906 2830 1044 2895 verteret
1064 2849 1183 2914 agros„

355 2902 530 3001 'Verbaque
552 2906 694 2974 duxisset
714 2910 839 3010 pondus
860 2910 978 2977 habere
999 2933 1084 2994 mea,

272 2985 450 3054 45V1veret
472 2994 546 3055 ante
569 3013 642 3056 suos
665 2993 765 3059 dulcis
788 2996 921 3060 conviva
942 2995 1093 3079 Penates,

232 3104 240 3116 =
364 3073 503 3159 Pauper,
525 3079 559 3139 at
580 3078 614 3140 in
635 3080 733 3161 terra,
755 3079 803 3143 nil
824 3080 879 3144 ubi
900 3080 977 3146 flare
997 3083 1114 3165 potest.

321 3155 397 3222 Non
418 3158 493 3222 tulit
513 3157 566 3224 hic
587 3159 704 3226 Paetus
727 3162 896 3228 stridorem
917 3164 1025 3229 audire
1046 3166 1217 3248 procellae

364 3240 409 3305 Elt
430 3243 508 3307 duro
530 3247 656 3310 teneras
678 3247 802 3312 laedere
823 3248 899 3312 fune
921 3270 1047 3331 manus,

323 3323 385 3390 Sed
406 3325 496 3408 thyio
518 3327 659 3394 thalamo
682 3334 737 3396 aut
759 3329 865 3397 Oricia
885 3331 1067 3398 terebintho

161 3473 164 3480 Δ
272 3420 307 3469 10
362 3409 406 3472 Et
426 3409 543 3477 fultum
563 3413 673 3497 pluma
693 3415 883 3481 versicolore
905 3421 1009 3501 caput.

321 3491 405 3557 Huic
427 3492 540 3560 fluctus
562 3499 634 3562 vivo
657 3499 808 3566 radicitus
830 3501 963 3567 abstulit
983 3521 1123 3587 ungues,
