2598 4136
197 171 239 236 88
506 169 535 225 o.
557 167 682 222 aanvn
704 163 841 223 eruum
932 131 934 136 ’

251 349 276 399 5.
307 396 327 410 .
345 386 363 405 a
381 385 399 404 a
416 393 435 402 -
460 332 591 396 miseras
614 328 709 392 audet
728 327 854 411 galeare
875 325 1008 409 puellas.

249 435 354 490 Nonius
372 450 419 502 pg.
431 438 464 487 87
482 449 503 485 s.
521 447 547 484 v.
567 428 683 498 clipeat:
701 426 743 481 ita
761 427 790 481 et
805 425 928 495 galeato.
953 423 1041 480 Cinna
1057 424 1086 479 in
1104 427 1165 496 epi·

199 503 363 574 grammatis
381 519 404 555 e.
422 516 449 567 q.
468 517 490 554 s.

253 619 278 667 6.
309 603 491 687 Alpinaque
514 598 657 664 cummis.
970 621 976 656 l

249 704 356 759 Nonius
374 707 432 757 202.
459 699 562 754 cummi
583 696 695 766 generis
711 695 817 761 neutri,
838 695 871 749 ut
888 695 931 749 est
947 712 1000 748 usu
1016 695 1165 762 monopto-

200 775 262 838 ton;
280 774 376 847 tamen
392 766 520 844 feminini
537 765 626 844 Cinna
642 763 802 841 Alpinaque
821 762 924 839 cummi
942 767 1024 840 (corn
1040 762 1165 882 leopar-

200 838 380 976 {31⁸2}st
397 835 545 904 genetivus
562 849 621 887 erus
638 831 721 885 huius
739 846 866 896 cummis,
886 831 919 882 ut
934 845 1051 898 pupprs,
1068 829 1097 882 fe
1110 847 1166 899 ris,

161 987 187 1052 *l
254 1021 278 1070 7.
311 1009 405 1090 atque
426 1005 551 1069 imitata
571 1001 662 1066 nives
684 1001 793 1064 lucens
816 997 933 1083 legitur
954 997 1133 1081 crystallus.

253 1106 345 1162 Schcl.
364 1105 424 1159 Iuv.
443 1103 480 1158 ad
497 1109 526 1169 6,
546 1107 594 1156 155
614 1100 673 1178 [pg.
691 1103 740 1152 244
758 1097 801 1153 ed.
819 1097 868 1168 I.]:
886 1097 926 1150 sic
944 1098 973 1174 et
991 1096 1079 1151 Cinna
1096 1097 1168 1150 dicit
1262 1111 1263 1114 ’

201 1192 225 1230 e.
243 1192 270 1242 q.
288 1192 309 1228 s.
345 1173 474 1227 ‘Lucens’
493 1170 671 1238 liutgerum,
695 1165 816 1220 ‘ludens‘
834 1165 912 1232 edd,
930 1164 1047 1219 ‘ridens'
1065 1181 1116 1220 nos
1139 1164 1168 1218 (1.

201 1260 223 1296 r.
240 1260 277 1296 m.
296 1247 358 1308 143,
376 1241 495 1294 fortasse
512 1239 597 1292 recte.

546 1405 590 1470 Π.
626 1403 819 1468 ZMYRNA.

187 1508 219 1607 ll
257 1555 283 1605 8.
314 1546 347 1606 te
368 1540 543 1605 matutinus
564 1539 694 1603 flentem
717 1537 883 1621 conspexit
903 1510 1006 1622 Eous,

308 1629 341 1691 et
361 1625 491 1690 flentem
512 1623 619 1708 paullo
641 1623 722 1687 vidit
742 1625 817 1706 post
837 1621 999 1706 Hesperus
1022 1621 1115 1686 idem.

255 1724 367 1780 Servius
389 1725 425 1780 ad
450 1741 546 1794 georg.
563 1723 589 1790 Ι,
613 1729 675 1778 288:
695 1721 781 1788 Eous,
799 1721 830 1776 id
851 1722 894 1776 est
910 1721 1033 1787 Lucifer,
1056 1721 1091 1775 ds
1109 1731 1170 1788 quo

204 1791 290 1848 etiam
309 1792 397 1847 Cinna
412 1792 442 1846 in
460 1791 579 1860 Smyrna
601 1790 641 1844 sic
659 1789 700 1843 ait
720 1806 743 1844 e.
762 1805 789 1856 q.
808 1807 829 1842 s.
863 1789 940 1844 Haec
961 1789 1088 1842 imitatus
1106 1803 1170 1843 esse

203 1861 316 1915 videtur
337 1867 436 1916 auctor
458 1858 493 1914 de
515 1859 585 1913 rosis
609 1857 718 1927 [Meyer
739 1855 816 1934 antb.
839 1856 888 1934 lat.
911 1857 988 1928 1023]
1012 1875 1037 1909 v.
1055 1861 1101 1934 45,
1123 1862 1170 1910 46.

203 1928 339 1996 Zmyrnae
353 1927 527 1983 errabundae
539 1941 659 1995 angores
671 1925 701 1980 et
711 1923 913 1978 solhcrtudmes
925 1922 1059 1978 describit
1071 1923 1172 1978 Cinna.

185 2035 200 2082 1
255 2042 280 2090 9.
313 2031 347 2094 at
368 2029 471 2094 scelus
492 2029 614 2092 incesto
637 2025 794 2092 Zmurnae
815 2025 976 2090 crescebat
997 2025 1032 2089 in
1053 2025 1134 2090 alvo.

253 2127 410 2182 Priscianus
427 2143 474 2194 pg.
493 2132 542 2182 718
560 2125 620 2192 (ubi
642 2126 704 2194 agit
721 2126 756 2180 de
773 2125 928 2179 masculino
952 2125 1054 2192 alvus):
1077 2123 1172 2180 Cinna

203 2195 232 2250 in
250 2195 298 2248 Sm
352 2210 370 2247 a
387 2211 410 2248 e.
429 2209 455 2270 q.
474 2210 495 2246 s.
531 2191 688 2260 ‘Smyrnae'
705 2190 849 2248 verissime
866 2192 1041 2246 Burmannus
1060 2192 1096 2246 ad
1114 2192 1170 2252 Or,

204 2264 270 2316 met.
313 2266 393 2327 ‚298·
413 2267 535 2314 ‘amnas’
553 2261 611 2316 fere
629 2257 704 2314 libri.
734 2259 810 2314 idem
827 2276 853 2312 v.
871 2277 889 2314 a
907 2257 1032 2314 Charisia
1046 2259 1175 2314 'affertur

204 2345 252 2399 pg.
271 2335 302 2383 er
321 2327 370 2384 uss
386 2302 492 2396 legans
510 2326 661 2382 recessum
678 2327 778 2396 urps.
813 2327 914 2395 egeus
931 2326 966 2381 ce
984 2327 1083 2380 neoni.

256 2444 296 2493 10.
323 2435 403 2492 Char.
422 2452 470 2504 pg.
488 2441 532 2490 ‘132
556 2435 645 2490 Cinna
662 2437 757 2491 autem
774 2435 804 2492 in
821 2437 941 2506 Zmyrna
957 2435 1040 2490 buius
1059 2427 1170 2492 ‘tabis'

204 2512 276 2567 dixit
291 2511 369 2565 nullo
382 2513 504 2566 auctore.
526 2509 606 2564 Idem
624 2517 685 2566 118:
702 2511 785 2565 huius
798 2511 895 2566 ‘tabis’
908 2510 997 2568 Cinna
1008 2511 1037 2566 in
1049 2503 1174 2580 Smyrna

204 2579 288 2646 dixit,
306 2577 384 2633 nullo
402 2579 468 2633 ante
486 2595 599 2633 seusus
617 2581 739 2634 anctore.

338 2763 397 2862 Hl.
435 2758 774 2830 PROPEMPTICON
795 2763 1034 2834 POLLIONIS.

257 2911 298 2962 11.
330 2919 390 2962 nec
410 2902 477 2964 tam
499 2897 656 2964 donorum
678 2898 838 2984 ingenteis
857 2901 1014 2966 mirabere
1037 2919 1172 2965 acervos

333 2983 616 3049 innumerabilibus
639 2987 808 3069 congestos
830 2985 907 3050 undi
930 3007 970 3050 ue
991 2985 1104 3050 saeclis

329 3067 394 3131 iam
415 3067 489 3132 inde
511 3090 531 3132 a
551 3065 672 3132 Belidis
694 3069 855 3153 natalique
876 3007 964 3134 urlris
987 3069 1028 3133 ab
1050 3089 1135 3132 anno

331 3150 482 3237 Cecropis
494 3154 589 3236 atque
600 3151 664 3216 alta
675 3151 764 3236 Tyrii
777 3153 841 3218 iarn
856 3153 896 3218 ab
909 3154 1032 3238 origine
1045 3151 1171 3218 Cadmi.

255 3249 396 3306 Charisius
423 3267 471 3320 pg.
498 3258 544 3307 99:
570 3251 676 3306 Belidis
703 3251 731 3306 C.
757 3251 787 3306 in
812 3252 1007 3330 propemptioo
1033 3250 1173 3308 Pollionis

203 3333 322 3439 rua:-
338 3319 552 3454 araur
579 3307 791 3442 1111111
810 3319 1177 3442 eleseu-„iares

203 3449 318 3518 Tyrium
336 3453 396 3508 cod.
434 3452 493 3508 Cet.
513 3453 548 3508 ef.
566 3469 621 3509 eun
642 3493 648 3507 .
666 3469 708 3522 gr.
725 3471 773 3524 pg.
793 3459 853 3522 108,
865 3403 930 3511 lot.
986 3405 1006 3456 y
