2632 4140
7 209 10 348 ὲ
117 238 215 306 urm]
513 238 621 294 urana
641 193 681 294 m
1035 237 1072 302 31

115 400 162 464 At
182 404 351 483 postquam
373 421 443 464 sera
464 401 621 484 captivast
640 401 764 466 reddita
784 424 903 487 poena,

157 483 286 548 Fortem
307 483 393 548 idem
413 483 600 550 Haemoniis
621 485 762 551 Hectora
782 487 881 552 traxit
903 487 1001 572 equis,
1115 500 1119 508 “

115 567 253 632 Inferior
273 568 375 632 multo
398 589 469 633 cum
491 569 551 634 sim
573 569 624 634 vel
644 573 745 635 matre
766 571 817 636 vel
839 572 950 655 armis,

158 651 291 736 Mirum,
314 651 342 716 si
364 651 403 716 de
424 673 475 718 me
496 653 565 718 iure
585 653 762 739 triumphat
783 655 905 720 Amor?
1042 667 1077 718 4ο

520 775 673 794 ——l—

404 836 406 840 ’
537 867 651 941 vnn.

114 987 181 1052 Iste
203 989 288 1072 quod
309 991 367 1072 est,
390 1010 450 1074 ego
473 1010 566 1087 saepe
588 989 644 1072 fui,
667 991 722 1054 sed
743 991 810 1056 fors
832 991 920 1056 etin
941 989 1020 1054 hora

7 1141 8 1150 χ
157 1071 229 1136 Hoc
250 1071 321 1156 ipso
343 1073 444 1137 eiecto
467 1093 570 1138 canor
591 1074 670 1138 alter
691 1075 759 1139 erit.

7 1169 9 1232 ᾖ
115 1154 275 1239 Penelope
296 1159 423 1240 poterat
443 1155 494 1222 bis
516 1157 615 1222 denos
637 1159 724 1223 salva
743 1181 801 1244 per
822 1180 923 1223 annos

158 1239 287 1323 Vivere,
310 1243 377 1304 tam
398 1241 508 1304 multis
529 1241 648 1306 femina
670 1241 768 1328 digna
788 1243 908 1328 procis,

116 1323 310 1408 Coniugium
330 1325 414 1388 falsa
434 1327 560 1409 poterat
581 1325 706 1391 differre
727 1325 885 1410 Minerva,
1057 1337 1074 1388 t

156 1407 323 1473 Noctmno
345 1409 472 1472 solvens
494 1412 582 1488 texta
603 1409 716 1474 diurna
738 1411 828 1495 dolo,

114 1489 231 1556 Visura
251 1495 285 1556 et
306 1493 449 1576 quamvis
470 1515 644 1578 numquam
666 1499 808 1580 speraret
828 1495 960 1578 Vlixen,

156 1575 253 1640 Illum
275 1576 471 1660 expectando
492 1577 579 1641 facta
598 1580 753 1643 remansit
776 1601 864 1644 anus.

116 1657 183 1724 Nec
204 1681 272 1724 non
293 1661 471 1725 exanimem
493 1663 687 1746 amplectens
709 1661 828 1728 Briseis
849 1661 1000 1728 Achillen

157 1743 301 1810 Candida
321 1767 437 1809 vesana
457 1745 603 1809 verberat
624 1767 679 1810 ora
700 1768 811 1830 manu,
1042 1759 1074 1814 10

7 1877 11 1900 ,
115 1826 159 1892 Et
180 1829 343 1893 dominum
365 1829 443 1894 lavit
463 1851 607 1893 maerens
629 1831 754 1913 captiva
775 1833 955 1912 cruentum,

7 1909 11 1988 ξ
156 1912 349 1996 Adpositum
369 1913 459 1977 flavis
481 1913 516 1976 in
538 1912 700 1978 Simoenta
722 1913 819 1997 vadis,

115 1994 330 2080 Foedavitque
353 2018 473 2080 comas,
495 1999 560 2079 †et
580 1998 662 2062 tanti
685 2018 798 2082 corpus
819 1997 940 2062 Achilli

156 2079 356 2165 Maximoque
378 2081 413 2145 in
433 2099 531 2164 parva
552 2083 680 2146 sustulit
701 2103 774 2146 ossa
794 2103 905 2164 manu,

115 2162 195 2228 Cum
216 2165 276 2229 tibi
296 2186 356 2229 nec
377 2163 489 2230 Peleus
512 2165 622 2230 aderat
642 2187 702 2231 nec
724 2166 848 2232 caerula
869 2169 985 2251 mater,
1041 2181 1072 2230 15

156 2247 266 2332 Scyria
286 2269 346 2314 nec
367 2248 462 2313 viduo
484 2248 652 2314 Deidamia
672 2253 754 2314 toro.

113 2331 203 2397 Tunc
224 2333 324 2418 igitur
344 2333 427 2397 veris
449 2333 610 2418 gaudebat
631 2333 764 2399 Graecia
784 2334 885 2417 natis,

155 2416 246 2480 Tunc
267 2417 363 2482 etiam
383 2416 462 2481 felix
482 2417 567 2481 inter
588 2420 621 2481 et
642 2439 730 2482 arma
750 2417 862 2502 pudor.

112 2502 159 2565 At
177 2503 214 2564 tu
235 2523 303 2565 non
323 2523 388 2566 una
407 2501 541 2585 potuisti
562 2504 658 2566 nocte
679 2523 790 2566 vacare
796 2550 806 2585 ,

8 2537 10 2680 Ι
153 2583 261 2668 Inpia,
283 2606 350 2650 non
369 2605 469 2649 unum
491 2585 561 2650 sola
581 2607 710 2650 manere
731 2586 824 2652 diem.
1036 2599 1070 2650 20

111 2668 197 2744 Quin
218 2670 314 2733 etiam
335 2669 437 2734 multo
460 2670 594 2734 duxistis
615 2671 731 2754 pocula
751 2671 832 2736 risu:

153 2751 303 2817 Forsitan
324 2756 357 2817 et
378 2753 416 2818 da
438 2776 489 2818 me
511 2755 607 2819 verba
627 2755 715 2820 fuere
736 2755 830 2820 mala.

8 2897 9 2912 ,
108 2835 174 2901 Hic
195 2837 292 2902 etiam
312 2838 432 2922 petitur
437 2839 524 2922 ,·qui
544 2841 577 2902 te
596 2839 685 2922 prius
707 2841 781 2904 ante
802 2839 945 2924 reliquit:

152 2919 195 2985 Di
216 2921 351 3005 faciant,
373 2921 436 2986 isto
459 2925 552 3006 capta
572 2922 678 2986 fruare
700 2922 783 2987 viro!

107 3003 198 3069 Haec
218 3004 298 3070 mihi
319 3009 394 3070 vota
414 3007 502 3070 tuam
523 3009 654 3090 propter
676 3008 822 3090 suscepta
844 3007 992 3088 salutem,
1037 3018 1071 3068 25

151 3087 234 3153 Cum
256 3091 359 3174 capite
380 3090 442 3155 hoc
464 3089 594 3176 Stygiae
614 3091 678 3154 iam
699 3092 886 3174 poterentur
907 3111 1023 3174 aquae,

103 3171 153 3237 Et
174 3173 292 3238 lectum
312 3174 426 3238 flentes
448 3175 567 3239 circum
589 3177 743 3238 staremus
765 3173 883 3238 amici?

149 3255 214 3322 Hic
234 3257 290 3322 ubi
310 3261 395 3341 turn,
416 3279 475 3342 pro
498 3257 546 3340 di,
567 3257 705 3342 perfida,
728 3257 839 3342 quisve
860 3257 942 3323 fuit?

103 3340 193 3418 Quid
215 3342 243 3405 si
264 3342 458 3428 longinquos
479 3342 634 3406 retinerer
654 3341 747 3406 miles
770 3340 810 3404 ad
831 3340 945 3426 Indos,

146 3427 217 3491 Aut
236 3447 308 3490 mea
330 3426 358 3490 si
380 3427 480 3489 staret
499 3425 590 3489 navis
611 3424 647 3488 in
669 3424 820 3490 Oceano?
1038 3437 1073 3488 30

63 3502 84 3612 ss
101 3510 170 3576 Sed
193 3510 284 3576 vobis
305 3509 432 3576 facilest
454 3509 550 3573 verba
572 3511 605 3573 et
627 3529 807 3594 conponere
828 3509 973 3576 fraudes:
