2628 4116
233 143 341 192 cxxvi
601 127 821 210 praenuncio.

233 321 306 378 quas
326 297 477 380 praecedit
495 297 605 358 vocalis
625 314 826 374 quaecumque
847 295 910 356 sive
929 294 941 354 i
960 313 1092 357 consona
1111 318 1205 376 quaa·

234 386 302 446 dam
317 384 475 459 elisionum
490 383 595 454 cautio,
613 381 648 440 de
664 401 723 458 qua
736 401 770 440 re
785 381 913 440 diximus
927 399 978 457 pp.
990 382 1065 442 278.
1084 383 1156 442 279.

297 467 411 528 Deinde
431 466 538 526 melius
560 468 667 527 coeunt
685 466 801 526 vocales
822 466 913 542 longa
927 466 1093 541 posteriore
1107 487 1203 544 quam

233 553 333 627 brevi,
354 554 385 612 et
405 551 526 628 quidem
545 549 601 610 hoc
621 549 733 626 aptius,
756 551 782 610 si
801 568 837 608 aa
856 567 932 626 quae
950 550 1037 610 initio
1052 552 1139 612 uerbi
1153 555 1206 612 est

233 637 332 714 posite
345 638 467 696 accentu
482 637 534 696 aut
543 635 627 696 nullo
642 635 683 694 sit
695 634 842 694 instructa
852 636 905 692 aut
918 634 1004 711 gravi
1019 633 1084 712 (qui
1098 638 1205 696 evenit

233 723 266 783 in
279 719 493 796 monosyllabis
508 719 742 795 pronominibus,
755 717 912 792 adverbiis,
929 719 1202 794 coniunctionibus,

233 800 515 882 praepositionibus)
536 821 626 880 quam
647 802 672 862 si
692 805 745 862 aut
764 805 849 862 acuto
871 803 911 864 sit
924 803 1059 879 praefflta
1074 806 1129 864 aut
1142 805 1203 864 cir·

235 891 388 951 cumflexo.

297 974 360 1034 Nec
378 991 440 1034 non
459 971 553 1034 refert
566 972 765 1049 permultum,
786 989 844 1047 qua
858 971 891 1030 in
904 973 990 1046 parte
1003 990 1109 1032 versus
1123 973 1203 1032 aeci·

234 1059 287 1118 dat
300 1058 400 1135 elisi03
417 1075 491 1134 quae
505 1059 541 1116 ut
554 1056 712 1118 durissima
726 1055 839 1117 vitatur
852 1055 1028 1132 plerumque
1043 1059 1075 1116 et
1088 1057 1121 1116 in
1136 1059 1202 1132 pri·

234 1159 283 1202 ma
297 1143 387 1202 metri
401 1142 518 1220 syllaba
531 1143 562 1200 et
574 1141 607 1200 in
621 1141 737 1200 ultima.
759 1139 859 1201 Minus
874 1157 978 1201 serere
990 1139 1026 1199 tit
1039 1141 1203 1202 observan-

234 1228 277 1288 tia
291 1228 367 1286 circa
381 1244 524 1287 caesuras.

297 1311 379 1370 Haec
397 1311 555 1385 postquam
575 1309 607 1367 in
620 1308 794 1368 universum
808 1307 988 1382 monuimus,
1003 1308 1064 1368 iam
1077 1309 1201 1386 potissi-

235 1414 284 1454 ma
299 1394 470 1455 summatim
491 1393 637 1468 attingere
654 1393 725 1454 satie
741 1391 808 1466 erit,
825 1391 941 1469 reliqna
955 1409 1023 1452 cum
1038 1393 1124 1452 facile
1140 1394 1202 1471 ipsi

234 1479 351 1556 possint
364 1477 502 1554 supplere
517 1477 653 1538 lectores.

297 1563 402 1639 Itaque
418 1560 568 1635 Catullus,
583 1563 618 1620 ut
631 1559 764 1620 nondum
779 1560 881 1623 adulta
895 1563 973 1636 arte,
994 1561 1085 1624 habet
1099 1562 1201 1624 elisio-

234 1665 287 1708 nes
301 1665 356 1707 nec
369 1664 477 1724 paucas
499 1643 582 1724 (nam
597 1646 726 1722 quinque
747 1645 780 1704 in
794 1663 853 1714 uno
868 1663 892 1704 c.
910 1646 949 1706 73
965 1665 993 1706 v.
1010 1647 1202 1722 666666166-

234 1729 299 1811 tur)
315 1733 346 1792 et
360 1733 494 1808 exparte
510 1733 557 1793 set
570 1730 668 1792 duras.
697 1729 776 1790 Nam
791 1729 994 1806 utaliquando
1010 1731 1119 1790 cretica
1135 1729 1149 1810 (
1189 1769 1202 1779 -

234 1819 283 1876 tra
296 1817 482 1876 hexametros
497 1813 610 1891 tamen)
623 1817 655 1874 et
664 1815 782 1890 saepius
793 1813 951 1890 spondiaco
965 1814 1052 1874 elidit
1064 1815 1097 1874 in
1111 1815 1202 1876 brevi

234 1902 378 1977 exemplis
388 1901 508 1960 circiter
515 1899 636 1975 XXXX,
645 1916 700 1960 nec
714 1899 813 1958 minus
822 1898 949 1958 iambica
962 1898 994 1958 in
1008 1899 1102 1976 graui.
1118 1899 1200 1959 Nam

233 1983 267 2045 in
281 1988 368 2044 acuta
377 1986 426 2044 vel
441 1984 627 2044 circumflexa
641 2003 693 2044 seu
703 1983 789 2044 breui
803 2001 864 2045 nou
877 1983 973 2060 magis
985 2001 1075 2058 quam
1087 1983 1202 2060 reliqui

234 2087 251 2128 e
266 2069 363 2144 poetis
377 2067 531 2144 dactylicis
545 2068 687 2128 sustinuit
698 2067 808 2128 elidere
822 2067 939 2127 eedem:
956 2067 1066 2144 quippe
1081 2070 1113 2128 et
1125 2088 1200 2144 pyr·

234 2151 360 2212 richiaca
379 2151 412 2210 in
425 2171 456 2210 m
476 2169 550 2226 quea
565 2154 675 2210 exeunt
692 2151 826 2227 plerique
840 2151 944 2218 eadem
959 2151 1130 2211 condicione
1144 2153 1200 2212 eli-

234 2237 305 2295 dere
325 2237 396 2296 sunt
416 2235 505 2317 veriti
526 2237 656 2310 exceptis
676 2235 830 2310 particulis
850 2237 885 2293 ut
902 2237 976 2310 puta
997 2235 1100 2296 ‘enim’
1121 2236 1202 2312 ‘qni-

234 2312 314 2379 deni'
330 2320 486 2398 similibus.
500 2350 501 2353 ¹

299 2404 395 2476 Quare
414 2395 494 2478 qdod
508 2403 619 2480 legitur
635 2404 684 2479 12,
700 2405 719 2462 2
736 2405 809 2464 ‘non
822 2404 901 2463 belle
915 2404 1009 2464 uteris
1023 2404 1056 2466 in
1069 2407 1130 2466 ioco
1144 2407 1200 2466 od·

233 2505 289 2564 pue
302 2489 394 2561 vino',
417 2489 486 2560 101,
505 2489 544 2549 10
565 2489 667 2563 ‘atque
690 2489 914 2566 inperpetuum
929 2487 1022 2548 frater
1036 2505 1089 2548 ace
1103 2489 1203 2564 adque

233 2575 299 2634 vale
310 2576 328 2647 ²,
349 2571 547 2630 diducendum
565 2589 620 2646 per
639 2571 749 2632 tmesin
767 2571 827 2630 fuit
845 2571 920 2630 illud
941 2571 1084 2650 ‘adque'.
1116 2573 1201 2635 Note

232 2659 387 2734 praeterea
400 2655 481 2716 idem
492 2656 669 2716 uocabulum
684 2656 835 2730 sicutipse
847 2657 901 2715 me
914 2657 959 2716 illc
974 2657 1085 2722 omissa
1097 2659 1136 2718 ob
1152 2677 1199 2720 se·

233 2743 376 2818 quentem
388 2741 523 2802 vocalem
538 2758 554 2799 6
568 2739 676 2800 hebere
692 2743 845 2802 meantum
860 2758 992 2816 gravem

296 2825 504 2900 Moncsyllaba
521 2823 554 2882 in
574 2824 658 2884 brevi
672 2843 734 2884 non
748 2824 833 2883 elidit
847 2823 983 2886 Catullus
997 2825 1056 2886 nisi
1071 2845 1106 2885 ea
1120 2846 1200 2902 quse

233 2909 369 2986 legitima
386 2909 512 2968 flexione
531 2911 646 2984 carent,
667 2907 767 2986 qualia
786 2910 857 2968 sunt
875 2914 908 2969 tu
923 2914 1001 2972 1666.
1030 2910 1076 2968 De
1091 2929 1150 2987 qua
1164 2931 1200 2972 re

232 2994 361 3056 videnda
376 3011 450 3070 quae
466 2992 593 3054 diximm
607 2991 679 3056 libri
692 2994 788 3054 nostri
802 3011 874 3070 pgg.
891 2994 961 3068 283,
978 2995 1028 3054 84.

283 3079 431 3138 ·Elisione
451 3077 525 3138 duos
539 3095 644 3138 versus
658 3077 763 3154 iugari,
777 3089 838 3136 non
853 3077 925 3137 licet
938 3078 996 3137 nisi
1011 3097 1063 3138 eos
1077 3080 1130 3154 qui
1145 3083 1200 3140 aut

233 3161 344 3222 debent
363 3165 416 3222 aut
434 3164 563 3238 possunt
580 3162 659 3222 necti
679 3181 733 3238 per
748 3161 926 3238 synaphian‚
946 3165 1019 3238 puta
1033 3165 1199 3240 glyconecs

233 3248 265 3306 et
289 3245 458 3320 sapphicos,
481 3265 554 3322 quos
576 3247 648 3306 dum
670 3265 851 3320 enarramus,
873 3247 1008 3323 exempla
1022 3247 1110 3308 huius
1124 3267 1200 3308 usus

233 3330 397 3390 attulimus.
427 3327 586 3390 Praeterea
600 3333 633 3390 in
646 3331 825 3391 hexametris
840 3349 875 3390 ex
889 3350 1031 3408 perversa
1044 3331 1200 3393 Homerici

233 3415 362 3492 exempli
382 3413 548 3474 imitatione
572 3411 613 3494 [d.
628 3435 653 3474 r.
668 3437 709 3476 m.
727 3412 800 3496 294]
823 3416 924 3478 euenit
938 3416 1096 3492 aliquando
1111 3420 1147 3478 ut
1168 3420 1201 3478 at
