2598 4136
241 240 301 306 108
640 239 806 298 rameri.
1147 235 1202 309 [m

305 406 497 472 Crescensve
518 423 643 485 semper
663 401 699 466 in
720 421 812 466 suum
834 401 929 483 eapub
948 419 1087 482 porrum.

303 489 377 556 Nee·
394 487 570 553 seminoses
592 485 632 550 ad
654 484 832 550 suburbiias
853 503 1043 567 quemquam

304 572 357 638 Ad
378 591 564 656 ocymumve
586 573 806 634 'cucumeresvs
826 567 916 632 humi
937 565 1026 631 fusos
1146 578 1149 584 '

304 655 423 720 Venire
445 653 539 720 erede
562 653 728 718 sessilesve
749 651 904 734 lactucas,

255 753 290 804 20
304 739 372 804 Nes
392 742 430 802 ut
451 737 570 804 salaces
591 739 687 800 noeis
707 735 801 800 tollae
822 756 930 800 erucas
969 791 975 804 .

303 823 484 887 Mentamve
506 821 649 885 olentem·
667 839 740 883 eum
762 818 941 884 salubribus
962 818 1043 882 rubis

285 908 445 970 .Aeresve
467 925 580 988 caepas
603 903 762 986 aliumque
783 903 940 966 fibrsbum.

306 989 392 1065 Quae
407 991 531 1072 euueba,
542 989 652 1051 nostro
665 1007 856 1070 quamquam
870 985 1023 1050 habemus
1033 985 1069 1050 in
1081 987 1204 1069 saepia,

305 1071 383 1139 Non
403 1071 553 1155 pauciora
573 1070 710 1154 proximi
731 1071 840 1134 ferunt
859 1069 955 1134 horti.

117 1217 121 1228 ,
148 1213 151 1220 .
256 1169 290 1220 25
305 1156 426 1232 Quibus
447 1154 566 1220 relictis
588 1155 623 1218 in
643 1153 724 1218 mihi
744 1153 923 1218 laboratum

305 1240 426 1304 Locum
445 1239 575 1320 venibis,
599 1237 817 1321 improbissimi
837 1238 932 1302 fures.

306 1323 466 1389 Nimirum
487 1325 630 1405 spumam
651 1321 827 1386 convolutis
849 1321 890 1384 sd
910 1341 1060 1405 posnam,

275 1437 278 1442 ¹
305 1404 377 1470 Hos
398 1425 455 1469 vos
477 1407 510 1470 et
530 1405 648 1489 ipsum,
672 1405 756 1489 quod
777 1405 949 1488 minamur,
970 1404 1095 1468 invitat.

645 1543 799 1552 —a——-

684 1617 750 1688 LII

306 1741 396 1807 Heus
416 1744 468 1826 bu,
489 1761 557 1806 non
576 1740 658 1805 bene
680 1740 735 1823 qui
755 1761 886 1804 manum
906 1761 1052 1824 rapacem

307 1825 459 1890 Mandata
481 1823 560 1889 mihi
583 1823 727 1889 contines
749 1825 789 1888 ab
810 1823 918 1888 horto:

306 1909 375 1974 Iam
396 1911 534 1994 primum
555 1911 656 1972 absim
675 1906 728 1972 hie
749 1907 938 1973 libidinosus

308 1994 451 2058 Alternis
472 1992 610 2058 ineundo
634 1994 666 2056 et
687 1991 830 2056 exeundo

276 2077 404 2141 sPome
425 2080 458 2141 be
479 2076 576 2141 faciet
595 2075 815 2158 patentiorem.

307 2159 471 2224 Aeeedeni
492 2159 570 2240 duo,
593 2158 647 2241 qui
669 2157 752 2220 latus
773 2161 916 2242 tuentur,

307 2243 421 2308 Pulcra
442 2241 618 2326 pensilibus
639 2241 798 2324 peculiabi.

311 2326 372 2403 Qui
395 2347 467 2391 sum
487 2328 520 2390 be
541 2324 624 2389 mele
644 2323 785 2389 foderint
805 2327 976 2409 iacentem,

307 2411 361 2475 Ad
381 2413 505 2494 partem
526 2408 633 2473 veniet
654 2408 742 2472 salax
762 2411 894 2494 asellus,

120 2455 123 2468 Ι
261 2507 293 2556 10
307 2493 383 2560 Nilo
405 2493 543 2558 deberius
564 2492 769 2558 mutuniabus.

309 2577 427 2660 Quare,
449 2577 503 2661 qui
525 2576 641 2660 sapiet,
663 2577 782 2642 malum
804 2577 942 2660 cavebit,

231 2701 234 2706 ·
309 2659 390 2730 Cum
412 2663 538 2724 tunium
559 2659 639 2724 sciet
660 2682 728 2726 esse
748 2661 970 2727 menbrlarum.

676 2875 771 2949 LIII.

310 2997 488 3065 Contentus
510 2995 636 3064 modico
657 2997 802 3063 Bseehus
825 2998 907 3062 solet
928 3017 996 3062 esse
1017 3017 1163 3082 racemo,

352 3079 433 3149 Cum
455 3081 585 3166 sapiunt
606 3081 664 3146 albi
683 3082 738 3146 vix
760 3081 823 3146 eiia
843 3084 949 3146 musis
968 3081 1071 3166 laeus3

309 3167 489 3254 Magnaque
510 3163 655 3230 fecundis
676 3185 749 3230 eum
769 3165 925 3230 messibus
947 3185 1019 3230 area
1040 3164 1135 3249 defit,

350 3250 390 3316 In
412 3249 535 3316 cereris
558 3251 661 3315 erines
681 3271 746 3314 uns
767 3270 885 3315 corona
907 3249 1007 3314 dabir.

276 3349 293 3398 s
308 3333 356 3398 Tu
371 3353 505 3419 quoque,
520 3332 721 3418 rimaminor,
736 3333 892 3399 maiorum
912 3333 1056 3416 exempla
1070 3337 1214 3421 seeubus,

352 3417 502 3494 Quemvis
523 3439 626 3501 pauca
648 3417 774 3502 demus,
797 3418 926 3483 eonsule
947 3437 1044 3502 poma
1063 3416 1156 3484 boni.
