2630 4110
237 199 326 250 xvm
611 183 824 244 PRAEFATIO.¹

236 359 289 422 sed
309 375 413 416 eorum
432 355 589 430 plerosque
610 371 712 412 omnes
733 355 855 412 conatus
870 351 967 426 mitte,
990 369 1057 411 cum
1072 351 1125 410 alii
1138 369 1200 411 me-

236 446 317 500 trum
336 439 489 511 violarint,
510 437 664 513 inquibus
679 436 770 496 etiam
786 437 987 510 Schwabium‚
1011 437 1199 510 Teuffelium,

236 523 455 600 Wcstphalium
469 522 560 582 fuisse
575 522 727 594 miramur,
742 521 864 597 quidam
879 541 897 579 a
911 539 1000 582 sensu
1012 520 1199 582 siveLatiui·

236 611 297 668 tate
313 609 409 666 aliene
422 607 611 684 protulerint,
627 625 696 682 pars
711 606 912 664 remotissima
926 623 1060 680 quaeque
1075 625 1093 662 e
1107 605 1198 664 libro-

236 713 303 751 rum
318 693 461 752 memoria
475 691 639 767 probarint.
671 689 730 748 Sed
743 690 882 765 plurimis
896 691 1050 764 receptum
1064 689 1153 748 hodie
1168 688 1199 746 id

237 777 316 852 quod
335 776 541 835 Lachmannus
561 774 719 850 proposuit
738 777 806 832 tinia
820 774 993 842 Britannia,
1014 775 1093 834 lemn
1106 775 1201 832 tincta

238 860 366 930 (imina,
387 861 449 920 sive
469 859 569 934 potius
590 858 670 934 qnod
683 857 842 932 Hauptius,
863 860 958 918 tinnio
978 856 1101 926 Galliac,
1122 859 1202 918 lunio

236 949 304 1005 linia
316 945 489 1004 Britannia.
526 943 639 1002 Tamen
657 942 765 1002 horum
785 944 925 1000 neutrum
944 942 976 1000 id
995 941 1200 1018 quadrarum

237 1033 302 1088 erat
315 1029 425 1088 vidisse
437 1027 582 1100 existimo,
593 1029 628 1086 ut
642 1027 778 1086 omittam
792 1026 969 1102 imperativo
984 1026 1073 1086 modo
1088 1029 1120 1084 ct
1134 1045 1200 1085 sen·

235 1114 347 1173 tentiae
362 1112 491 1172 ironicae
505 1111 553 1170 hic
566 1112 617 1171 rix
631 1130 695 1170 esse
715 1112 823 1184 locum,
839 1111 980 1186 quoniam
995 1128 1100 1170 revera
1113 1110 1200 1169 valde

236 1198 384 1257 timebant
409 1196 566 1256 Caesarem
593 1197 656 1252 tum
682 1196 825 1270 temporis
852 1195 949 1254 Gellia
976 1198 1008 1254 ct
1035 1194 1200 1253 Britannia.

236 1281 379 1342 Codicum
394 1283 495 1338 cutem
509 1279 655 1352 scriptura
670 1281 716 1338 est
729 1279 812 1338 talis:
835 1279 927 1338 Hanc
941 1277 1055 1340 Galliae
1074 1281 1155 1338 timot
1175 1283 1202 1338 ct

236 1365 423 1424 Britanniae.
452 1363 498 1420 lle
510 1361 674 1420 certissime
689 1364 821 1437 apparet,
833 1362 942 1422 dixisse
955 1362 1107 1422 Catillum
1120 1363 1201 1439 quod

237 1450 334 1508 dicere
355 1466 425 1506 oum
445 1445 565 1505 omnino
586 1445 730 1504 intererat
750 1447 956 1506 concinnitatis
976 1449 1127 1524 plurativo
1146 1467 1201 1506 nu-

236 1551 318 1591 mero
330 1530 501 1590 Britannias
516 1530 593 1588 sicut
605 1527 725 1603 Gallias,
737 1531 825 1606 plane
840 1531 917 1590 sicut
927 1534 973 1591 est
983 1533 1061 1607 apud
1073 1532 1201 1591 cundem

237 1617 289 1688 45,
301 1617 340 1672 22
355 1615 458 1689 Syrias
471 1613 719 1687 Britanniaque,
737 1614 817 1690 quod
837 1615 949 1674 fiusba
970 1617 1029 1675 fuit
1047 1617 1099 1692 qui
1113 1617 1202 1676 aliter

237 1700 406 1775 explicaret.
423 1699 519 1770 Quare
533 1697 599 1772 alie,
613 1698 648 1758 ut
657 1701 739 1774 puto,
753 1699 929 1760 emendandi
941 1699 1200 1777 vicingrediende.

236 1783 277 1842 Et
296 1785 427 1860 primum
442 1783 562 1859 quidem
576 1785 707 1842 medum
720 1783 820 1859 ipsum
837 1785 945 1843 clamat
958 1785 1034 1844 illud
1047 1785 1126 1845 nnec
1140 1789 1201 1844 trs-

236 1867 384 1928 iciendum
399 1871 469 1944 post
484 1866 598 1929 Galliac
620 1865 729 1946 (neque
749 1869 829 1928 enim
849 1869 963 1945 peritus
978 1870 1067 1928 iudex
1082 1868 1201 1929 Catullo

236 1953 351 2011 tribuet
364 1950 485 2029 Μίνως
508 1957 661 2028 praeterea
675 1953 810 2029 plerique
825 1953 999 2014 intellexere
1014 1953 1046 2012 id
1060 1953 1141 2029 quod
1155 1957 1203 2014 est

235 2039 315 2096 tirnct
328 2041 355 2094 ct
364 2036 437 2094 vitio
445 2037 705 2111 pervulgatissima
721 2041 820 2096 ortum
831 2056 868 2096 ex
878 2041 988 2098 tinient.
1003 2038 1067 2096 Iam
1078 2040 1202 2113 apparet

236 2119 315 2194 quod
329 2137 384 2178 nec
397 2119 497 2194 ipsum
512 2119 591 2194 fugit
605 2119 721 2192 doctos,
746 2119 898 2179 Catullum
913 2119 1048 2181 debuisse
1064 2141 1118 2198 per
1131 2141 1200 2180 ana-

237 2203 360 2279 phoram
381 2202 479 2262 etism.
491 2203 528 2260 ad
547 2203 625 2260 illud
640 2201 755 2263 Gadiac
778 2203 905 2262 timendi
919 2207 1096 2264 vocabulum
1111 2205 1201 2282 appo-

236 2306 316 2347 nere.
345 2286 424 2346 Hinc
444 2289 548 2362 sponte
570 2287 722 2363 colligitur
741 2307 809 2347 eum
835 2289 987 2365 scripsisse
1007 2293 1161 2360 tinnntne,
1184 2310 1202 2348 a

236 2390 295 2448 quc
320 2371 489 2446 proximum
514 2374 561 2431 est
585 2371 665 2446 quod
685 2374 754 2432 anto
780 2391 835 2432 nos
860 2373 962 2448 posuit
982 2373 1138 2434 Turnebus
1165 2377 1202 2434 n

237 2461 378 2530 monton.

299 2540 339 2598 ib.
353 2541 392 2600 23
407 2541 485 2600 orbis
500 2539 535 2600 (i.
545 2539 743 2616 Hermennus‚
761 2541 830 2602 fort.
846 2546 942 2619 recte3
959 2543 1106 2604 sedenim
1122 2547 1201 2604 stare

236 2623 461 2701 potest'optime
475 2625 551 2684 illud
564 2625 655 2686 ardis.
671 2658 713 2668 -
727 2627 768 2686 ib.
785 2627 890 2702 scripsi
909 2645 925 2687 o
941 2630 1103 2702 potissimi
1119 2625 1201 2704 (nom

236 2709 268 2768 in
288 2709 374 2769 libris
394 2712 440 2768 est
459 2707 699 2788 affluentissime),
719 2712 755 2769 ut
775 2712 948 2786 genetivum
962 2714 1044 2772 artis
1058 2713 1149 2771 etiam
1164 2713 1203 2770 ad

236 2794 413 2852 vocabulum
433 2793 513 2868 quod
533 2795 653 2870 reposui
674 2795 823 2870 pertinere
838 2795 1014 2856 existimem.
1045 2796 1120 2854 Erat
1134 2815 1200 2854 cum

237 2877 426 2936 scribendum
446 2877 647 2936 existimarem
666 2896 682 2938 o
697 2881 877 2952 potissima,
902 2880 982 2954 quod
1002 2899 1056 2954 per
1075 2881 1202 2938 ironiam

236 2963 317 3021 esset
331 2961 453 3020 dictum.

300 3044 440 3105 Ceterum
459 3045 516 3105 hoc
536 3063 668 3119 carmen,
692 3064 760 3106 cum
781 3047 936 3106 sententiis
958 3064 1019 3105 non
1033 3047 1109 3105 bene
1124 3047 1202 3122 aptis

235 3130 394 3206 procedere
409 3129 614 3192 existimarent
627 3131 771 3206 plerique,
784 3131 936 3192 eliialr'am
946 3131 1027 3190 viam
1041 3135 1204 3190 tenuerunt

236 3214 273 3272 ad
291 3214 425 3272 tollenda
439 3233 515 3290 queo
529 3215 603 3290 ipsis
618 3214 792 3274 viderentur
806 3215 889 3274 vitis.
919 3216 944 3274 Ε
960 3215 1068 3292 quibus
1084 3214 1119 3275 Ο.
1135 3215 1201 3274 Iab-

235 3298 302 3358 nius
316 3298 349 3356 in
363 3298 477 3356 Horma
493 3297 533 3373 H,
551 3299 613 3360 240
626 3299 682 3368 hoc
695 3318 802 3376 poema
816 3300 849 3358 in
863 3301 922 3360 duo
942 3301 1017 3360 dixit
1035 3301 1203 3361 rescinden-

236 3383 286 3455 da,
303 3400 430 3458 quorum
444 3383 528 3460 prius
542 3383 692 3446 desineret
705 3385 738 3444 in
751 3405 780 3445 v.
798 3387 845 3445 10.
869 3385 928 3444 Sed
942 3405 1056 3459 vereor,
1075 3403 1111 3442 nc
1127 3385 1204 3444 hanc

236 3467 414 3527 sententiam
433 3487 494 3530 non
514 3469 554 3530 sit
568 3469 748 3546 probaturus
763 3470 922 3546 plerisque,
944 3489 1012 3530 cum
1026 3470 1204 3546 praesertim
