2628 4116
98 217 199 286 1111]

533 211 658 274 nrum

231 376 310 442 Non
332 379 440 442 custos
461 375 489 441 si
510 376 615 460 fingar
635 377 690 442 ille
714 375 859 462 Oretum,

184 451 212 576 H
230 461 310 526 Non
331 461 359 525 si
381 459 522 545 Pegaseo
544 461 630 525 ferar
651 461 775 542 volatu,

231 545 308 609 Non
329 543 432 609 Ladas
455 565 514 640 ego
536 543 724 629 pinnipesve
745 543 894 630 Perseus,

231 627 309 694 Non
330 627 431 692 Rhesi
451 649 544 692 mvea
566 629 689 712 citaque
711 628 743 693 bi
794 654 802 694 t

231 712 325 776 Adde
345 711 409 776 huc
429 711 625 795 plumipedes
646 712 745 778 volati
759 735 869 797 esque,

230 794 471 878 Ventorumque
493 795 588 859 simul
608 796 733 880 require
754 819 896 864 cursumz

232 879 321 955 Quos
344 883 489 961 cunctos,
513 878 654 962 Camari,
677 879 756 946 mihi
778 879 913 966 dicares,

232 961 387 1028 Defessus
408 966 517 1027 lamen
537 963 685 1028 omnibus
707 963 854 1028 medullis

232 1046 279 1112 Ec
300 1047 407 1112 multis
429 1046 614 1143 langoribus
636 1044 765 1132 peresus

230 1130 346 1195 Essem
366 1134 398 1194 ta
420 1130 513 1212 miln,
537 1132 653 1214 amice,
675 1131 892 1215 quaeritando.

231 1214 336 1278 Tanto
357 1218 414 1279 ten
434 1215 518 1278 fastu
539 1236 580 1279 ne
605 1236 654 1298 as,
677 1215 799 1280 amice?

232 1297 296 1363 Dic
316 1299 410 1363 nobis
431 1299 487 1363 ubi
509 1299 552 1363 sis
608 1301 713 1381 turus,
736 1299 793 1364 ede

231 1382 406 1464 Audacter,
430 1383 597 1466 conmitte,
620 1383 711 1448 crede
733 1383 823 1448 lucei.

186 1443 208 1554 11
231 1465 321 1532 Num
342 1470 374 1530 te
396 1467 547 1537 lacteolae
568 1470 679 1532 tenent
696 1468 845 1566 puellae?

232 1549 268 1615 Si
289 1551 432 1634 linguam
454 1550 561 1615 clauso
582 1554 672 1616 tenes
693 1573 728 1616 m
749 1573 818 1636 ore,

233 1633 369 1698 Fructus
390 1634 526 1717 proicies
548 1637 664 1700 amoris
687 1657 812 1700 omnes:

177 1703 202 1834 Ν
230 1715 378 1784 Verbosa
398 1717 517 1802 gaudet
537 1717 646 1784 Venus
668 1719 816 1803 loquella.

230 1799 294 1866 Vel
314 1802 342 1866 si
363 1802 411 1866 vis
417 1850 427 1884 ,
449 1802 524 1866 licet
546 1803 673 1867 obseres
695 1803 851 1886 palatum,

230 1883 318 1950 Dum
339 1886 438 1950 vostri
460 1886 521 1950 sim
542 1888 700 1970 particeps
724 1887 849 1950 amoris.

512 2024 664 2035 ...α-...-

539 2099 631 2173 LVl.

233 2223 262 2288 0
284 2245 352 2288 rem
372 2223 554 2305 ridiculam,
578 2221 678 2306 (lato,
702 2226 735 2288 11
754 2223 894 2290 iocosam

230 2305 274 2372 D'
375 2329 435 2390 que
457 2307 584 2372 auribus
607 2309 716 2372 111110
739 2307 903 2372 cachinno.

231 2329 505 2474 thdffiuidquid
526 2411 629 2474 amas,
652 2389 748 2474 Cato,
771 2390 945 2457 Catullum·

181 2467 183 2470 ¹
229 2473 295 2540 Res
317 2477 366 2540 est
386 2474 520 2540 ridicula
542 2478 574 2538 11
594 2475 690 2539 nimis
712 2475 828 2540 iocosa.

230 2556 394 2642 Deprendi
415 2557 510 2623 modo
532 2558 688 2643 pupulum
707 2559 832 2643 puellae

204 2657 206 2662 '
230 2641 434 2707 'Il'usantemz
456 2641 541 2707 hunc
563 2664 639 2728 ego,
662 2643 696 2740 si·
710 2643 816 2728 placet
837 2639 975 2724 Dionae,

228 2725 359 2791 Protelo
380 2725 484 2811 rigida
505 2748 577 2790 mea
599 2725 706 2792 cecidi.

528 2939 638 3014 LVII.

229 3061 344 3126 Pulcre
366 3063 516 3127 convenit
536 3063 680 3146 inprobis
703 3063 857 3146 cinaedis,

227 3144 409 3210 Mamurrae
430 3145 620 3230 pathicoque
643 3145 843 3230 Caesarique.

227 3227 300 3294 Nec
320 3230 450 3294 mirum:
471 3231 616 3296 maculae
659 3251 728 3294 ares
750 3230 906 3312 utrisque,

226 3310 361 3377 Vrbana
381 3313 482 3378 altera
504 3317 537 3378 et
557 3313 613 3378 illa
633 3252 816 3394 dormiana,

227 3394 396 3480 Inpressae
417 3397 559 3462 resident
579 3416 639 3460 nec
661 3396 820 3460 eluantur:

225 3477 370 3545 Morbosi
393 3481 525 3565 paritor,
548 3479 678 3566 gemelli
701 3480 824 3564 utrique

1050 2573 1065 2622 1
