2630 4110
258 199 346 246 LVIII
634 181 848 238 PRAEFATIO.

320 355 360 412 ib.
378 355 396 410 9
416 352 542 426 mitique
562 349 713 423 Muretus,
735 351 807 409 mibi
830 349 865 408 Β.
887 377 929 392 -·
953 348 994 408 rb.
1013 351 1121 425 planca
1142 352 1240 420 olivo,

257 475 336 532 cocle
354 469 461 545 friporc
480 487 552 544 ego;
574 467 665 526 Brun.
688 465 780 525 habet
804 446 881 544 oliui}
910 463 1092 542 (correctura
1112 466 1198 526 fecta
1219 489 1241 526 a

257 575 297 613 m.
314 551 346 631 2)
368 555 440 614 daero
460 558 538 613 cocta
555 551 631 628 frico
654 549 774 627 (fricare
788 547 832 627 v).
862 551 999 626 Apparet
1011 551 1138 612 verbum
1154 553 1239 612 duro

256 657 318 697 non
337 637 510 713 provenisse
524 637 584 696 nisi
605 635 718 694 infelici
740 637 848 694 conatu
869 633 1046 694 emendandi
1061 634 1140 694 illud
1156 637 1239 696 olivo

256 722 337 797 quod
350 723 490 780 librarius
505 720 659 796 archetypi
673 718 788 794 accepit
800 737 855 794 pro
871 721 945 778 dico.

319 823 360 881 ib.
379 823 418 880 14
432 827 590 895 teneraquc.
601 840 631 894 u,
648 838 724 880 corr.
740 819 915 879 Dorvilh'us.

319 907 360 966 ib.
378 907 416 964 17
430 923 549 966 sursum
563 923 631 964 uum
645 903 773 978 reliquis
789 903 875 962 libris
889 903 924 976 Β,
940 903 1020 980 quod
1033 903 1148 963 reduxi.

319 1007 360 1066 ib.
379 1009 417 1066 18
437 1011 506 1066 truc
519 1004 654 1078 Vossius,
669 1021 742 1064 cruc
754 1003 836 1064 libri.
858 1035 899 1045 —-
913 1009 972 1063 etot
985 1004 1070 1063 baete
1084 1023 1151 1080 ego,
1167 1023 1236 1065 cce·-

256 1097 298 1151 tar
312 1091 353 1166 B,
373 1091 406 1150 in
426 1107 521 1167 marg.
537 1089 604 1147 edd.
619 1089 690 1148 ml
712 1087 789 1146 illud
803 1105 863 1148 eece
876 1087 956 1163 quod
971 1106 1006 1146 cx
1016 1088 1145 1163 proximi
1160 1108 1234 1148 ver·

257 1195 306 1234 sus
325 1177 390 1234 loco
411 1175 515 1233 eodem
537 1173 711 1232 arcessitum
732 1189 787 1246 per
806 1172 1069 1247 interpolationem
1090 1173 1233 1232 foedissi—

256 1259 336 1318 mem
350 1258 436 1316 facile
450 1259 582 1331 apparet.

320 1377 344 1416 o.
360 1359 401 1418 85
421 1357 632 1416 Mollissimum
658 1355 778 1414 omnino
800 1355 855 1414 hoc
876 1373 1003 1428 carmen,
1026 1375 1085 1432 quo
1105 1359 1232 1418 suavius

257 1460 352 1518 neque
367 1441 445 1517 epud
460 1439 587 1500 Graecos
607 1438 767 1514 scriptores
781 1457 878 1515 neque
894 1439 973 1515 epud
986 1439 1110 1500 Latinos
1124 1441 1231 1517 legere

257 1545 305 1584 me
326 1525 459 1583 memini.
502 1524 646 1584 Libenter
665 1523 830 1582 tribuerem
853 1523 984 1597 Maroni,
1012 1525 1070 1584 nisi
1091 1525 1233 1585 obstaret

258 1610 398 1667 creticum
411 1607 589 1670 vocabulum
603 1626 632 1666 v.
650 1609 668 1666 7
683 1606 715 1664 in
730 1607 815 1666 breui
830 1607 948 1683 syllaba
961 1608 1077 1666 elisum.
1109 1609 1155 1667 Ex
1169 1609 1230 1670 hoc

257 1696 357 1752 eutem
372 1709 542 1768 expressum
557 1691 742 1768 epigramma
755 1691 946 1766 praecedens.

319 1795 395 1853 ib.1
418 1809 467 1869 epo
484 1792 560 1866 edd,
584 1809 633 1868 epo
654 1791 806 1852 oLechm.
828 1791 866 1850 ed
886 1791 975 1867 Prop.
990 1811 1040 1869 pg.
1057 1792 1128 1853 289.
1158 1791 1227 1854 Cet.

256 1877 459 1952 cf.infra19;
478 1877 527 1950 84,
546 1878 573 1936 2.

319 1964 360 2020 ib.
377 1963 395 2020 3
410 1961 564 2032 formicam
578 1961 613 2032 B,
630 1979 705 2019 corr.
723 1959 916 2033 Schraderus,
932 1961 969 2018 cf.
986 1961 1036 2032 84,
1055 1963 1081 2018 1.

318 2045 359 2102 ib.
376 2045 396 2102 4
410 2047 521 2103 autrici
541 2048 575 2102 ut
590 2043 754 2120 ‘Gruppius
770 2047 888 2104 nutrior
902 2044 936 2116 Β,
952 2046 1064 2104 metuitis?
1078 2044 1225 2122 Rehdige·

256 2147 355 2188 renus.
371 2158 413 2169 -
426 2127 467 2185 ib.
482 2129 520 2186 sc't
533 2125 668 2201 Vossius,
684 2132 717 2188 ct
731 2127 798 2186 cdd.

318 2229 359 2286 ib.
376 2229 395 2286 6
414 2225 495 2286 Illud
515 2224 691 2296 adolescere,
712 2247 770 2304 quo
786 2229 879 2288 ceteri
894 2225 965 2287 libri
980 2231 1089 2301 serent,
1106 2229 1171 2288 add.
1187 2230 1224 2289 B.

318 2313 359 2371 ib.
376 2313 394 2369 7
410 2311 502 2371 coleos
515 2311 596 2385 libri,
612 2311 692 2387 quod
706 2313 833 2388 irrepsIt
847 2331 863 2371 e
878 2331 907 2371 v.
924 2311 959 2387 53
975 2331 1031 2388 ego
1046 2314 1169 2372 correxi.

319 2395 359 2454 ib.
376 2396 395 2454 8
410 2411 562 2468 vepresque
577 2413 642 2472 ego,
658 2413 744 2470 asper
760 2395 796 2455 B.
818 2428 860 2438 -
874 2395 915 2454 ib.
930 2398 968 2456 sit
982 2397 1017 2470 Β,
1032 2399 1092 2458 sict
1104 2395 1199 2458 Rehd.

318 2495 358 2553 ib.
376 2497 394 2554 9
409 2513 503 2556 mame
516 2495 621 2571 ferens,
637 2497 682 2556 in
696 2494 732 2570 Β,
750 2517 779 2557 u.
794 2496 892 2569 ferens
905 2515 1007 2558 mana.
1027 2529 1070 2539 -
1084 2497 1125 2556 ib.
1139 2516 1225 2572 saepe

255 2580 408 2640 uerissime
424 2579 612 2654 Schraderus,
636 2599 704 2638 oum
720 2581 759 2640 ob
774 2584 915 2653 metrum,
938 2582 1008 2656 quia
1022 2599 1139 2657 semper
1152 2583 1224 2658 phe·

254 2663 380 2724 recratei
398 2663 478 2724 basis
496 2664 529 2724 in
547 2663 603 2724 hoc
623 2665 752 2724 carmine
776 2667 823 2724 est
842 2664 997 2737 trochaice,
1019 2667 1085 2726 tum
1105 2666 1143 2728 ob
1158 2685 1223 2726 sen-

256 2769 337 2821 sum,
358 2747 469 2824 quippe
490 2748 672 2808 adulescenti
693 2767 748 2826 pro
763 2750 940 2824 paupertate
954 2749 1048 2824 petris
1062 2767 1100 2808 ne
1114 2750 1225 2812 licebat

255 2833 374 2908 quidem
394 2851 511 2908 semper
527 2833 633 2892 offerre
652 2833 707 2892 deo
728 2851 806 2893 nove
828 2849 961 2907 munera,
982 2833 1054 2909 quin
1068 2851 1156 2910 saepe
1170 2853 1223 2910 po-

254 2917 348 2990 neret,
363 2915 439 2975 nihil
454 2917 603 2977 obstabat.

316 3017 358 3076 ib.
376 3017 415 3074 12
431 3017 617 3092 momenque,
633 3016 676 3075 ite
690 3015 726 3075 B.

317 3118 358 3176 ib.
376 3120 414 3176 13
430 3119 627 3192 nummosque
646 3115 722 3188 cdd,
741 3117 932 3191 pannoque
945 3118 983 3177 N.
999 3117 1149 3193 Heinsius,
1166 3139 1226 3196 qua

177 3211 182 3218 '
255 3201 384 3260 admissa
409 3201 577 3260 coniectura
603 3200 700 3260 omnis
726 3199 928 3275 epithetormn
954 3203 1136 3264 conciunitas
1161 3207 1225 3264 tur-

254 3282 359 3426 beta..
378 3367 417 3426 15
431 3371 597 3442 scnpciccu
612 3367 687 3442 cdd,
704 3387 778 3428 corr.
794 3369 934 3447 Vossius3
950 3372 986 3430 cf.
1004 3373 1053 3444 70,
1069 3371 1107 3448 33
1123 3374 1151 3431 7.
1211 3358 1213 3361 ⁵
1301 3366 1302 3369 ’

317 3453 358 3514 ib.
376 3453 415 3510 16
436 3454 601 3526 cerrec'pesce
614 3469 655 3526 u,
676 3453 741 3516 cdd.
757 3473 913 3531 perperam
933 3457 1134 3532 cornipesqaoe
1153 3475 1228 3518 nem
