2632 4140
12 239 14 286 p
104 210 175 282 vn]
516 209 624 264 mame
644 209 665 264 1.
1049 206 1068 268 7

12 301 27 337 k
169 315 172 322 i

105 371 148 436 Et
168 370 229 434 tibi
250 390 317 434 non
338 391 489 452 umquam
510 373 638 434 nostros
659 391 739 454 puer
760 371 821 434 iste
842 371 968 435 labores

146 454 283 519 Adferat
304 455 337 517 et
357 454 497 518 lacrimis
519 455 627 519 omnia
646 457 726 518 nota
747 455 835 519 meis

13 595 14 600 ,
106 539 158 604 Me
180 538 259 622 sine,
283 558 377 621 quem
399 559 524 621 semper
544 538 646 603 voluit
666 538 795 602 fortuna
816 539 927 622 iacere,
1035 549 1102 599 aa·
1154 535 1156 538 ’

12 693 13 704 ¹
147 623 240 687 Hanc
262 623 403 686 animam
425 627 582 686 extremae
595 621 734 689 reddere
755 623 925 706 nequitiae.

12 789 13 792 Ἴ
107 707 200 772 Multi
216 706 399 792 ,longinquo
421 707 543 789 periere
565 707 600 769 in
622 727 729 770 amore
751 706 896 788 libenter,

12 795 25 888 q
147 791 186 855 In
208 811 342 874 quorum
362 811 495 854 numero
517 811 569 854 me
590 811 715 874 quoque
737 793 822 854 terra
842 792 940 874 tegat.

12 887 19 904 ¹
82 875 182 940 Non
205 895 265 960 ego
288 895 359 938 sum
381 874 476 958 laudi,
498 895 565 938 non
586 877 680 937 natus
701 874 835 938 idoneus
857 875 969 937 armis:
1068 867 1071 879 ’

147 959 241 1023 Hanc
263 979 314 1022 me
336 957 484 1022 militiam
505 957 572 1022 fata
594 957 699 1022 subire
720 957 842 1022 volunt.
1036 967 1070 1018 80

108 1046 152 1107 At
171 1046 208 1109 tu
230 1063 286 1106 seu
307 1042 413 1106 mollis
436 1062 499 1125 qua
518 1041 623 1106 tendit
643 1039 736 1105 Ionia
757 1063 813 1105 seu
835 1063 897 1124 qua
1172 1039 1174 1043 ’

148 1126 250 1210 Lydia
270 1125 394 1190 Pactoli
415 1125 515 1210 tingit
535 1128 623 1188 arata
645 1124 758 1208 liquor,

109 1211 168 1276 Seu
190 1210 326 1294 pedibus
347 1213 449 1274 terras
468 1213 527 1274 ‘seu
547 1211 682 1293 pontum
705 1229 834 1292 carpere
855 1208 950 1272 remis

149 1295 226 1377 Ibis,
248 1296 285 1358 ut
306 1294 429 1377 accepti
451 1313 520 1358 sors
542 1295 603 1358 erit
624 1293 764 1376 imperii:

109 1378 190 1442 Tum
212 1378 271 1441 tibi
294 1379 385 1462 siqua
406 1377 470 1442 mei
491 1377 597 1444 veniet
618 1398 685 1441 non
706 1377 863 1442 inmemor
884 1375 972 1458 hora,
1037 1387 1070 1436 35

126 1453 265 1604 'Vivere
287 1483 338 1526 ma
361 1461 439 1524 duro
462 1461 563 1526 sidere
586 1466 689 1526 certus
713 1463 784 1526 eris.

513 1591 664 1602 ιρι--η-

550 1673 629 1746 vu.
712 1643 720 1728 J
773 1708 775 1710 -

12 1877 14 1880 Ι
110 1798 194 1862 Dum
216 1797 277 1860 tibi
299 1795 454 1862 Cadmeae
476 1796 633 1878 dicuntur,
657 1750 808 1878 Pontice,¹
822 1751 950 1858 Thebae

12 1895 23 1926 *
151 1885 313 1965 Armaque
335 1881 494 1945 fraternae
515 1879 620 1942 tristia
642 1879 783 1960 militiae,
1051 1951 1054 1955 ¹

12 1929 15 2042 i
112 1969 228 2050 Atque,
250 1967 296 2028 ita
317 1965 377 2028 sim
398 1965 485 2046 felix,
507 1963 611 2048 primo
634 1962 799 2030 contendis
821 1960 972 2042 Homero,

130 2086 132 2090 ·
153 2050 225 2116 Sint
246 2049 341 2113 modo
365 2049 432 2112 fata
452 2049 515 2112 tuis
537 2045 648 2110 mollia
669 2045 877 2111 carminibus:

111 2135 189 2218 Nos,
212 2137 249 2197 ut
270 2153 469 2215 consuemus,
490 2135 619 2196 nostros
641 2132 799 2216 agitamus
815 2149 945 2194 amores
1057 2138 1073 2190 o

153 2221 260 2302 Atque
283 2215 403 2301 aliquid
425 2217 536 2280 duram
558 2216 738 2299 quaerimus
760 2215 794 2278 in
815 2213 993 2297 dominam3

49 2301 180 2384 „Nec
201 2305 326 2366 tantum
349 2302 489 2386 ingeni0,
512 2303 666 2383 quantum
687 2299 804 2363 servire
827 2297 930 2362 dolori

154 2386 262 2471 Gogor
284 2389 316 2450 et
338 2385 451 2450 aetatis
472 2388 617 2466 tempora
638 2382 718 2446 dura
739 2381 836 2465 queri.

12 2531 13 2542 ,
112 2471 173 2536 Hic
194 2469 275 2534 mihi
298 2469 471 2552 conteritur
485 2469 568 2531 vitae
582 2466 706 2550 modus,
729 2465 807 2528 haec
821 2486 893 2528 mea
906 2463 1032 2546 famast,

12 2545 14 2594 ¹
155 2555 241 2619 Hinc
264 2554 357 2638 cupio
379 2573 498 2616 nomen
520 2551 669 2629 carminis
691 2551 737 2614 ire
758 2549 831 2613 mei.
1042 2559 1075 2609 ro

12 2595 14 2668 i
113 2638 165 2703 Me
187 2638 318 2703 laudent
339 2637 453 2702 doctae
473 2637 576 2700 solum
597 2635 756 2719 placuisse
777 2633 911 2718 puellae,

153 2723 298 2806 Pontice,
321 2725 354 2786 et
374 2721 509 2805 iniustas
532 2741 626 2803 saepe
648 2719 761 2784 tulisse
782 2717 901 2782 minas:

114 2805 166 2872 Me
188 2807 276 2892 legat
297 2805 427 2869 adsidue
449 2803 621 2888 posthaec
643 2803 808 2888 neglectus
831 2804 962 2884 amator,

155 2891 199 2956 Et
220 2892 346 2974 prosint
366 2889 414 2953 illi
436 2889 566 2972 cognita
586 2890 696 2950 nostra
717 2887 809 2950 mala.

114 2975 159 3040 Te
180 2995 306 3059 quoque
328 2974 357 3038 si
378 2976 464 3038 certo
486 2993 565 3055 puer
584 2969 637 3034 hio
661 2969 855 3034 concusserit
876 2989 967 3048 arcu,¹
1045 2978 1074 3028 15

12 3075 17 3110 ι
157 3059 227 3134 Quo
248 3059 350 3122 nolim
371 3061 499 3122 nostros
520 3057 553 3120 te
573 3055 710 3118 violasse
732 3053 817 3135 deos,

116 3142 226 3229 Longe
249 3145 354 3208 castra
373 3141 443 3224 tibi,
465 3141 562 3225 longe
582 3139 680 3203 miser
700 3137 829 3224 agmina
850 3137 972 3218 septem

158 3227 264 3292 Flebis
286 3228 321 3290 in
343 3223 472 3290 aeterno
495 3223 590 3288 surda
610 3225 713 3286 iacere
735 3221 807 3303 situ,

117 3309 160 3376 Et
180 3312 299 3376 frustra
321 3311 429 3396 cupies
451 3308 581 3372 mollem
603 3325 783 3388 conponere
803 3323 939 3386 versum,

158 3395 226 3461 Nec
248 3395 307 3460 riui
330 3393 465 3459 subiciet
487 3392 627 3456 carmina
649 3410 736 3452 serus
758 3389 867 3452 Amor.

118 3477 199 3544 Tum
220 3503 271 3544 me
292 3502 359 3544 non
380 3476 532 3543 humilem
553 3473 710 3538 mirabere
732 3493 824 3558 saepe
845 3474 983 3556 poetam,
