2598 4136
86 249 258 320 imaum]
487 247 654 304 emman
993 239 1054 304 115

480 411 658 486 LXXVII.

170 545 264 621 Quod
286 544 434 609 simiam
456 544 561 608 senior
582 565 749 627 meumque
771 541 859 608 canis

170 629 255 694 Cum
276 629 377 692 barba
398 631 493 712 caput
514 627 631 693 albicet
653 628 791 711 capillis,
879 635 881 641 ’

168 714 340 778 Inmanem
362 711 561 776 stomachum
582 711 662 776 mihi
684 711 788 794 cietis,
1036 723 1053 773 c

169 797 235 872 Qui
257 796 388 863 densam
409 795 514 860 facitis
535 795 668 860 subinde
690 817 832 880 saepem,
1036 809 1052 856 6

168 881 216 946 Ec
237 881 323 946 funes
345 879 522 964 prohibetis
543 879 605 944 hue
629 879 723 944 adire.
1035 891 1050 939 τ

167 964 221 1030 De
244 984 356 1029 rensos
378 985 439 1049 ego
460 963 622 1047 perforare
644 983 774 1046 possum
1036 975 1052 1024 a

169 989 348 1114 'Edonum
368 1047 592 1131 Priamumque
613 1045 852 1142 Nespcrcmque.

169 1132 246 1197 Hoc
268 1135 317 1197 esi
338 1131 476 1214 laedere,
499 1131 575 1194 dum
596 1129 725 1215 iuvaus3
750 1130 812 1194 hoc
835 1132 883 1194 est
1035 1141 1052 1192 8

168 1215 249 1283 Non
270 1215 436 1280 admiitere
458 1215 499 1280 od
520 1236 674 1298 aucupem
695 1213 848 1280 volucres.
937 1215 943 1226 '

170 1301 377 1366 Obsnuccmc
397 1299 462 1382 via,
484 1321 544 1363 nec
565 1299 642 1363 licet
662 1299 781 1362 iacenti
1021 1311 1052 1360 ιο
1097 1292 1110 1316 ’

169 1384 300 1450 Iactura
321 1383 405 1448 natis
428 1384 554 1466 expiare
577 1383 711 1466 culpam.

169 1468 261 1553 Ergo
284 1468 339 1551 qui
360 1467 448 1552 prius
470 1488 570 1550 usque
592 1469 625 1532 ei
645 1488 682 1530 us
705 1487 744 1531 ue
766 1471 798 1531 et
820 1487 917 1552 usquc

169 1553 292 1617 Furum
314 1552 457 1616 scindere
478 1551 607 1634 podices
629 1487 786 1634 eoldum,

169 1636 234 1700 Per
255 1639 367 1700 noctes
389 1635 510 1718 aliquot
530 1635 659 1718 diesque
682 1656 779 1699 cesso.

168 1719 297 1785 Poenas
320 1718 360 1782 do
382 1739 523 1802 quoque,
545 1721 623 1802 quoi
644 1719 720 1782 satis
742 1722 942 1802 supuquest,
1019 1730 1050 1778 15

169 1803 213 1868 In
234 1823 405 1888 semenque
427 1803 523 1883 abac,
546 1802 694 1884 salaxque
717 1801 892 1884 quondam,

169 1887 269 1953 Nune
291 1887 388 1950 vitam
433 1907 528 1970 erugo
551 1923 592 1934 --
615 1886 685 1966 quis
706 1885 769 1949 hcc
790 1886 937 1969 putaret?
961 1921 1002 1932 --

169 1971 218 2036 Vc
239 1970 345 2035 clusus
367 1971 395 2036 ci
433 1969 567 2034 arcodus
589 1968 811 2034 abstinentem.

169 2057 220 2120 Ac
239 2074 312 2137 vos,
333 2076 375 2118 ne
396 2076 524 2151 peream
546 2053 609 2117 situ
631 2053 739 2137 senili,

170 2138 316 2220 Quaeso,
338 2137 472 2202 desinite
493 2159 562 2202 csse
584 2137 768 2233 diligentes,
1017 2149 1051 2199 20

169 2221 263 2288 Neve
284 2222 430 2305 inponite
451 2221 583 2286 fibulam
603 2221 729 2305 Priapo.

494 2378 645 2387 -----

472 2485 668 2560 LXXVIII.

168 2617 218 2682 Ac
240 2617 273 2681 di
294 2617 431 2700 deaeque
453 2617 600 2682 dentibus
622 2618 685 2682 inis
708 2639 812 2684 escam

169 2701 318 2786 Negent,
338 2702 460 2766 amicae
483 2701 668 2786 cunnilinge
689 2703 828 2787 vicinae,

168 2785 235 2850 Per
255 2806 347 2868 quem
370 2784 477 2869 puella
497 2786 591 2850 fortis
612 2789 686 2850 ante
707 2795 766 2852 nee'
787 2786 924 2852 mendax

167 2869 215 2936 Et
238 2890 317 2952 quae
338 2869 462 2934 solebat
483 2869 611 2954 inpigro
635 2871 718 2934 celer
738 2892 833 2954 passu

168 2952 223 3016 Ad
244 2973 304 3016 nos
326 2953 449 3035 venire,
471 2973 558 3018 nunc
578 2953 703 3017 misella
723 2954 866 3019 landicae
1032 2963 1050 3013 o

167 3035 234 3103 Vix
255 3056 350 3120 posse
372 3037 456 3100 iurat
477 3037 639 3102 ambulare
659 3059 736 3122 prae
757 3039 861 3102 fossis.

490 3195 642 3203 -----

456 3302 670 3374 LXXVHH.

160 3430 298 3582 Priape,
321 3431 406 3514 quod
426 3435 473 3496 sis
495 3431 618 3496 fascino
639 3431 746 3517 gravis
768 3433 872 3519 tenio,

161 3517 237 3595 Quo

284 3515 488 3598 exprobravit
509 3515 562 3580 hio
583 3515 643 3580 tibi
666 3537 723 3582 suo
746 3539 839 3582 versu

858 3625 874 3672 8
880 3618 896 3652 ἱ
