<?xml version="1.0" encoding="UTF-8"?>
<!DOCTYPE html PUBLIC "-//W3C//DTD XHTML 1.0 Transitional//EN"
    "http://www.w3.org/TR/xhtml1/DTD/xhtml1-transitional.dtd">
<html xmlns="http://www.w3.org/1999/xhtml" xml:lang="en" lang="en">
 <head>
  <title>
</title>
<meta http-equiv="Content-Type" content="text/html;charset=utf-8" />
  <meta name='ocr-system' content='tesseract 3.04.00' />
  <meta name='ocr-capabilities' content='ocr_page ocr_carea ocr_par ocr_line ocrx_word'/>
</head>
<body>
  <div class='ocr_page' id='page_1' title='image "./catullitibullip01catugoog_0400.png"; bbox 0 0 2632 4140; ppageno 0'>
   <div class='ocr_carea' id='block_1_1' title="bbox 206 147 1174 235">
    <p class='ocr_par' dir='ltr' id='par_1_1' title="bbox 206 147 1174 235">
     <span class='ocr_line' id='line_1_1' title="bbox 206 147 1174 235; baseline -0.013 -23"><span class='ocrx_word' id='word_1_1' title='bbox 206 147 250 235; x_wconf 80' lang='lat'>24</span> <span class='ocrx_word' id='word_1_2' title='bbox 593 151 786 206; x_wconf 76' lang='lat' dir='ltr'>ruossano</span> <span class='ocrx_word' id='word_1_3' title='bbox 1136 152 1174 224; x_wconf 75' lang='grc' dir='ltr'>[ι.</span> 
     </span>
    </p>
   </div>
   <div class='ocr_carea' id='block_1_2' title="bbox 224 311 1106 651">
    <p class='ocr_par' dir='ltr' id='par_1_2' title="bbox 315 311 1049 398">
     <span class='ocr_line' id='line_1_2' title="bbox 315 311 1049 398; baseline -0.008 -16"><span class='ocrx_word' id='word_1_4' title='bbox 315 315 479 397; x_wconf 78' lang='lat' dir='ltr'><strong>Senserat,</strong></span> <span class='ocrx_word' id='word_1_5' title='bbox 501 313 562 379; x_wconf 91' lang='lat' dir='ltr'>hac</span> <span class='ocrx_word' id='word_1_6' title='bbox 582 313 653 398; x_wconf 89' lang='lat' dir='ltr'>ipsa</span> <span class='ocrx_word' id='word_1_7' title='bbox 674 311 803 397; x_wconf 81' lang='lat' dir='ltr'>cuspide</span> <span class='ocrx_word' id='word_1_8' title='bbox 825 311 925 379; x_wconf 87' lang='lat' dir='ltr'>sensit</span> <span class='ocrx_word' id='word_1_9' title='bbox 946 332 1049 396; x_wconf 90' lang='lat' dir='ltr'>opem.</span> 
     </span>
    </p>

    <p class='ocr_par' dir='ltr' id='par_1_3' title="bbox 224 394 1106 651">
     <span class='ocr_line' id='line_1_3' title="bbox 224 394 1106 482; baseline -0.002 -20"><span class='ocrx_word' id='word_1_10' title='bbox 224 412 256 462; x_wconf 77' lang='lat' dir='ltr'>oo</span> <span class='ocrx_word' id='word_1_11' title='bbox 271 399 343 464; x_wconf 93' lang='lat' dir='ltr'>Hoc</span> <span class='ocrx_word' id='word_1_12' title='bbox 365 399 464 482; x_wconf 89' lang='lat' dir='ltr'>siquis</span> <span class='ocrx_word' id='word_1_13' title='bbox 486 398 599 463; x_wconf 87' lang='lat' dir='ltr'>vitium</span> <span class='ocrx_word' id='word_1_14' title='bbox 620 397 739 481; x_wconf 87' lang='lat' dir='ltr'>poterit</span> <span class='ocrx_word' id='word_1_15' title='bbox 758 394 838 462; x_wconf 84' lang='lat' dir='ltr'>mihi</span> <span class='ocrx_word' id='word_1_16' title='bbox 859 395 999 478; x_wconf 89' lang='lat' dir='ltr'>demere,</span> <span class='ocrx_word' id='word_1_17' title='bbox 1021 395 1106 460; x_wconf 88' lang='lat' dir='ltr'>solus</span> 
     </span>
     <span class='ocr_line' id='line_1_4' title="bbox 313 480 1015 566; baseline -0.004 -19"><span class='ocrx_word' id='word_1_18' title='bbox 313 483 484 548; x_wconf 85' lang='lat' dir='ltr'>Tantaleae</span> <span class='ocrx_word' id='word_1_19' title='bbox 503 481 623 566; x_wconf 88' lang='lat' dir='ltr'>poterit</span> <span class='ocrx_word' id='word_1_20' title='bbox 642 480 767 546; x_wconf 78' lang='lat' dir='ltr'>hedera</span> <span class='ocrx_word' id='word_1_21' title='bbox 787 501 884 564; x_wconf 89' lang='lat' dir='ltr'>poma</span> <span class='ocrx_word' id='word_1_22' title='bbox 904 501 1015 544; x_wconf 88' lang='lat' dir='ltr'>manu:</span> 
     </span>
     <span class='ocr_line' id='line_1_5' title="bbox 272 563 1077 651; baseline -0.009 -17"><span class='ocrx_word' id='word_1_23' title='bbox 272 567 368 634; x_wconf 88' lang='lat' dir='ltr'>Delia</span> <span class='ocrx_word' id='word_1_24' title='bbox 388 566 541 651; x_wconf 81' lang='lat' dir='ltr'>virgineis</span> <span class='ocrx_word' id='word_1_25' title='bbox 561 565 647 630; x_wconf 87' lang='lat' dir='ltr'>idem</span> <span class='ocrx_word' id='word_1_26' title='bbox 667 565 722 630; x_wconf 92' lang='lat' dir='ltr'>ille</span> <span class='ocrx_word' id='word_1_27' title='bbox 742 563 913 648; x_wconf 75' lang='lat' dir='ltr'>repleverit</span> <span class='ocrx_word' id='word_1_28' title='bbox 931 564 1052 628; x_wconf 88' lang='lat' dir='ltr'>umbris</span> <span class='ocrx_word' id='word_1_29' title='bbox 1058 566 1077 648; x_wconf 63' lang='lat' dir='ltr'>,J</span> 
     </span>
    </p>
   </div>
   <div class='ocr_carea' id='block_1_3' title="bbox 223 648 1153 1574">
    <p class='ocr_par' dir='ltr' id='par_1_4' title="bbox 223 648 1153 1574">
     <span class='ocr_line' id='line_1_6' title="bbox 313 648 1058 734; baseline -0.005 -18"><span class='ocrx_word' id='word_1_30' title='bbox 313 650 364 716; x_wconf 90' lang='lat' dir='ltr'>Ne</span> <span class='ocrx_word' id='word_1_31' title='bbox 384 653 495 716; x_wconf 84' lang='lat' dir='ltr'>tenera</span> <span class='ocrx_word' id='word_1_32' title='bbox 515 649 647 714; x_wconf 86' lang='lat' dir='ltr'>adsidua</span> <span class='ocrx_word' id='word_1_33' title='bbox 668 648 750 714; x_wconf 88' lang='lat' dir='ltr'>colla</span> <span class='ocrx_word' id='word_1_34' title='bbox 770 650 942 734; x_wconf 85' lang='lat' dir='ltr'>gravantur</span> <span class='ocrx_word' id='word_1_35' title='bbox 962 669 1058 732; x_wconf 88' lang='lat' dir='ltr'>aqua:</span> 
     </span>
     <span class='ocr_line' id='line_1_7' title="bbox 271 731 1016 816; baseline -0.007 -16"><span class='ocrx_word' id='word_1_36' title='bbox 271 733 361 800; x_wconf 90' lang='lat' dir='ltr'>Idem</span> <span class='ocrx_word' id='word_1_37' title='bbox 382 732 535 799; x_wconf 78' lang='lat' dir='ltr'>Caucasia</span> <span class='ocrx_word' id='word_1_38' title='bbox 555 734 658 800; x_wconf 87' lang='lat' dir='ltr'>solvet</span> <span class='ocrx_word' id='word_1_39' title='bbox 678 733 716 798; x_wconf 92' lang='lat' dir='ltr'>de</span> <span class='ocrx_word' id='word_1_40' title='bbox 736 752 815 816; x_wconf 88' lang='lat' dir='ltr'>rupe</span> <span class='ocrx_word' id='word_1_41' title='bbox 835 731 1016 797; x_wconf 87' lang='lat' dir='ltr'>Promethei</span> 
     </span>
     <span class='ocr_line' id='line_1_8' title="bbox 223 816 1060 902; baseline 0 -22"><span class='ocrx_word' id='word_1_42' title='bbox 223 831 257 881; x_wconf 74' lang='lat' dir='ltr'>to</span> <span class='ocrx_word' id='word_1_43' title='bbox 313 816 449 883; x_wconf 78' lang='lat' dir='ltr'><strong>Brachia</strong></span> <span class='ocrx_word' id='word_1_44' title='bbox 471 820 504 882; x_wconf 94' lang='lat' dir='ltr'>et</span> <span class='ocrx_word' id='word_1_45' title='bbox 524 839 543 882; x_wconf 89' lang='lat' dir='ltr'>a</span> <span class='ocrx_word' id='word_1_46' title='bbox 563 817 668 882; x_wconf 89' lang='lat' dir='ltr'>medio</span> <span class='ocrx_word' id='word_1_47' title='bbox 690 819 819 902; x_wconf 77' lang='lat' dir='ltr'>pectore</span> <span class='ocrx_word' id='word_1_48' title='bbox 840 816 940 900; x_wconf 86' lang='lat' dir='ltr'>pellet</span> <span class='ocrx_word' id='word_1_49' title='bbox 958 837 1060 884; x_wconf 85' lang='lat' dir='ltr'>avem.</span> 
     </span>
     <span class='ocr_line' id='line_1_9' title="bbox 273 900 1153 1000; baseline 0 -34"><span class='ocrx_word' id='word_1_50' title='bbox 273 901 543 1000; x_wconf 81' lang='lat' dir='ltr'>Quandocumque</span> <span class='ocrx_word' id='word_1_51' title='bbox 563 901 663 987; x_wconf 86' lang='lat' dir='ltr'>igitur</span> <span class='ocrx_word' id='word_1_52' title='bbox 684 901 782 966; x_wconf 86' lang='lat' dir='ltr'>vitam</span> <span class='ocrx_word' id='word_1_53' title='bbox 803 921 874 966; x_wconf 89' lang='lat' dir='ltr'>mea</span> <span class='ocrx_word' id='word_1_54' title='bbox 894 900 961 966; x_wconf 85' lang='lat' dir='ltr'>fata</span> <span class='ocrx_word' id='word_1_55' title='bbox 979 903 1153 984; x_wconf 72' lang='lat' dir='ltr'>reposcent</span> 
     </span>
     <span class='ocr_line' id='line_1_10' title="bbox 314 985 1076 1070; baseline -0.005 -18"><span class='ocrx_word' id='word_1_56' title='bbox 314 985 359 1052; x_wconf 80' lang='lat' dir='ltr'>Et</span> <span class='ocrx_word' id='word_1_57' title='bbox 378 985 474 1052; x_wconf 88' lang='lat' dir='ltr'>breve</span> <span class='ocrx_word' id='word_1_58' title='bbox 494 1008 530 1052; x_wconf 93' lang='lat' dir='ltr'>1n</span> <span class='ocrx_word' id='word_1_59' title='bbox 551 986 666 1070; x_wconf 83' lang='lat' dir='ltr'>exiguo</span> <span class='ocrx_word' id='word_1_60' title='bbox 688 1005 847 1054; x_wconf 85' lang='lat' dir='ltr'>marmore</span> <span class='ocrx_word' id='word_1_61' title='bbox 867 1005 986 1052; x_wconf 88' lang='lat' dir='ltr'>nomen</span> <span class='ocrx_word' id='word_1_62' title='bbox 1007 1004 1076 1066; x_wconf 87' lang='lat' dir='ltr'>ero,</span> 
     </span>
     <span class='ocr_line' id='line_1_11' title="bbox 272 1067 1061 1167; baseline -0.001 -32"><span class='ocrx_word' id='word_1_63' title='bbox 272 1069 455 1153; x_wconf 78' lang='lat' dir='ltr'>Maecenas,</span> <span class='ocrx_word' id='word_1_64' title='bbox 477 1072 606 1144; x_wconf 85' lang='lat' dir='ltr'>nostras</span> <span class='ocrx_word' id='word_1_65' title='bbox 625 1091 700 1167; x_wconf 80' lang='lat' dir='ltr'>pars</span> <span class='ocrx_word' id='word_1_66' title='bbox 722 1069 879 1134; x_wconf 81' lang='lat' dir='ltr'>invidiosa</span> <span class='ocrx_word' id='word_1_67' title='bbox 898 1067 1061 1152; x_wconf 79' lang='lat' dir='ltr'>iuventae,</span> 
     </span>
     <span class='ocr_line' id='line_1_12' title="bbox 313 1153 987 1240; baseline -0.003 -20"><span class='ocrx_word' id='word_1_68' title='bbox 313 1153 358 1220; x_wconf 78' lang='lat' dir='ltr'>Et</span> <span class='ocrx_word' id='word_1_69' title='bbox 378 1154 463 1220; x_wconf 84' lang='lat' dir='ltr'>vitae</span> <span class='ocrx_word' id='word_1_70' title='bbox 484 1156 518 1219; x_wconf 90' lang='lat' dir='ltr'>et</span> <span class='ocrx_word' id='word_1_71' title='bbox 537 1156 634 1218; x_wconf 83' lang='lat' dir='ltr'>mortr</span> <span class='ocrx_word' id='word_1_72' title='bbox 655 1153 760 1240; x_wconf 85' lang='lat' dir='ltr'>gloria</span> <span class='ocrx_word' id='word_1_73' title='bbox 780 1153 864 1220; x_wconf 85' lang='lat' dir='ltr'>iusta</span> <span class='ocrx_word' id='word_1_74' title='bbox 883 1173 987 1235; x_wconf 88' lang='lat' dir='ltr'>meae,</span> 
     </span>
     <span class='ocr_line' id='line_1_13' title="bbox 224 1236 1041 1321; baseline 0.002 -21"><span class='ocrx_word' id='word_1_75' title='bbox 224 1251 256 1300; x_wconf 76' lang='lat' dir='ltr'>ro</span> <span class='ocrx_word' id='word_1_76' title='bbox 272 1237 307 1304; x_wconf 81' lang='lat' dir='ltr'>si</span> <span class='ocrx_word' id='word_1_77' title='bbox 327 1241 360 1302; x_wconf 87' lang='lat' dir='ltr'>te</span> <span class='ocrx_word' id='word_1_78' title='bbox 381 1237 465 1304; x_wconf 88' lang='lat' dir='ltr'>forte</span> <span class='ocrx_word' id='word_1_79' title='bbox 485 1259 558 1303; x_wconf 89' lang='lat' dir='ltr'>meo</span> <span class='ocrx_word' id='word_1_80' title='bbox 580 1237 675 1303; x_wconf 88' lang='lat' dir='ltr'>ducet</span> <span class='ocrx_word' id='word_1_81' title='bbox 694 1237 747 1302; x_wconf 84' lang='lat' dir='ltr'>via</span> <span class='ocrx_word' id='word_1_82' title='bbox 767 1237 911 1321; x_wconf 67' lang='lat' dir='ltr'>proxima</span> <span class='ocrx_word' id='word_1_83' title='bbox 931 1236 1041 1320; x_wconf 84' lang='lat' dir='ltr'>busto,</span> 
     </span>
     <span class='ocr_line' id='line_1_14' title="bbox 315 1320 984 1405; baseline 0.004 -19"><span class='ocrx_word' id='word_1_84' title='bbox 315 1320 437 1386; x_wconf 79' lang='lat' dir='ltr'>Esseda</span> <span class='ocrx_word' id='word_1_85' title='bbox 460 1321 588 1386; x_wconf 84' lang='lat' dir='ltr'>caelatis</span> <span class='ocrx_word' id='word_1_86' title='bbox 610 1321 688 1388; x_wconf 85' lang='lat' dir='ltr'>siste</span> <span class='ocrx_word' id='word_1_87' title='bbox 709 1320 865 1392; x_wconf 81' lang='lat' dir='ltr'>Britanna</span> <span class='ocrx_word' id='word_1_88' title='bbox 886 1321 984 1405; x_wconf 80' lang='lat' dir='ltr'>iugis,</span> 
     </span>
     <span class='ocr_line' id='line_1_15' title="bbox 273 1403 1150 1488; baseline 0.001 -18"><span class='ocrx_word' id='word_1_89' title='bbox 273 1403 424 1488; x_wconf 83' lang='lat' dir='ltr'>Talicque</span> <span class='ocrx_word' id='word_1_90' title='bbox 445 1403 650 1470; x_wconf 79' lang='lat' dir='ltr'>inlacrimans</span> <span class='ocrx_word' id='word_1_91' title='bbox 671 1407 778 1480; x_wconf 81' lang='lat' dir='ltr'>mutae</span> <span class='ocrx_word' id='word_1_92' title='bbox 799 1405 866 1470; x_wconf 88' lang='lat' dir='ltr'>iace</span> <span class='ocrx_word' id='word_1_93' title='bbox 887 1405 984 1472; x_wconf 84' lang='lat' dir='ltr'>verba</span> <span class='ocrx_word' id='word_1_94' title='bbox 1003 1403 1150 1472; x_wconf 75' lang='lat' dir='ltr'>favillae:</span> 
     </span>
     <span class='ocr_line' id='line_1_16' title="bbox 317 1487 1010 1574; baseline 0.001 -23"><span class='ocrx_word' id='word_1_95' title='bbox 317 1487 418 1554; x_wconf 77' lang='lat' dir='ltr'>‘Huic</span> <span class='ocrx_word' id='word_1_96' title='bbox 439 1489 554 1554; x_wconf 89' lang='lat' dir='ltr'>misero</span> <span class='ocrx_word' id='word_1_97' title='bbox 576 1489 679 1556; x_wconf 84' lang='lat' dir='ltr'>fatum</span> <span class='ocrx_word' id='word_1_98' title='bbox 701 1489 779 1554; x_wconf 88' lang='lat' dir='ltr'>dura</span> <span class='ocrx_word' id='word_1_99' title='bbox 798 1489 905 1574; x_wconf 89' lang='lat' dir='ltr'>puella</span> <span class='ocrx_word' id='word_1_100' title='bbox 926 1488 1010 1554; x_wconf 66' lang='lat' dir='ltr'>tuit?</span> 
     </span>
    </p>
   </div>
   <div class='ocr_carea' id='block_1_4' title="bbox 614 1611 767 1622">
    <p class='ocr_par' dir='ltr' id='par_1_5' title="bbox 614 1611 767 1622">
     <span class='ocr_line' id='line_1_17' title="bbox 614 1611 767 1622; baseline 0 0"><span class='ocrx_word' id='word_1_101' title='bbox 614 1611 767 1622; x_wconf 63' lang='lat' dir='ltr'>——a-</span> 
     </span>
    </p>
   </div>
   <div class='ocr_carea' id='block_1_5' title="bbox 664 1661 710 1737">
    <p class='ocr_par' dir='ltr' id='par_1_6' title="bbox 664 1661 710 1737">
     <span class='ocr_line' id='line_1_18' title="bbox 664 1661 710 1737; baseline 0.022 -1"><span class='ocrx_word' id='word_1_102' title='bbox 664 1661 710 1737; x_wconf 91' lang='grc' dir='ltr'>Π.</span> 
     </span>
    </p>
   </div>
   <div class='ocr_carea' id='block_1_6' title="bbox 226 1771 1138 3123">
    <p class='ocr_par' dir='ltr' id='par_1_7' title="bbox 226 1771 1138 3123">
     <span class='ocr_line' id='line_1_19' title="bbox 273 1771 1095 1858; baseline -0.005 -16"><span class='ocrx_word' id='word_1_103' title='bbox 273 1774 369 1842; x_wconf 84' lang='lat' dir='ltr'>Liber</span> <span class='ocrx_word' id='word_1_104' title='bbox 390 1797 477 1840; x_wconf 86' lang='lat' dir='ltr'>eram</span> <span class='ocrx_word' id='word_1_105' title='bbox 498 1778 532 1841; x_wconf 83' lang='lat' dir='ltr'>et</span> <span class='ocrx_word' id='word_1_106' title='bbox 551 1797 650 1842; x_wconf 87' lang='lat' dir='ltr'>vacuo</span> <span class='ocrx_word' id='word_1_107' title='bbox 671 1771 849 1858; x_wconf 80' lang='lat' dir='ltr'>meditabar</span> <span class='ocrx_word' id='word_1_108' title='bbox 869 1775 975 1842; x_wconf 84' lang='lat' dir='ltr'>vivere</span> <span class='ocrx_word' id='word_1_109' title='bbox 996 1775 1095 1858; x_wconf 88' lang='lat' dir='ltr'>lecto,</span> 
     </span>
     <span class='ocr_line' id='line_1_20' title="bbox 315 1859 989 1944; baseline 0 -20"><span class='ocrx_word' id='word_1_110' title='bbox 315 1861 363 1924; x_wconf 85' lang='lat' dir='ltr'>At</span> <span class='ocrx_word' id='word_1_111' title='bbox 382 1881 434 1926; x_wconf 88' lang='lat' dir='ltr'>me</span> <span class='ocrx_word' id='word_1_112' title='bbox 456 1860 624 1944; x_wconf 86' lang='lat' dir='ltr'>conposita</span> <span class='ocrx_word' id='word_1_113' title='bbox 645 1881 722 1944; x_wconf 87' lang='lat' dir='ltr'>pace</span> <span class='ocrx_word' id='word_1_114' title='bbox 743 1859 859 1925; x_wconf 84' lang='lat' dir='ltr'>fefellit</span> <span class='ocrx_word' id='word_1_115' title='bbox 878 1859 989 1924; x_wconf 83' lang='lat' dir='ltr'>Amor.</span> 
     </span>
     <span class='ocr_line' id='line_1_21' title="bbox 274 1941 1070 2010; baseline -0.004 -1"><span class='ocrx_word' id='word_1_116' title='bbox 274 1941 340 2010; x_wconf 79' lang='lat' dir='ltr'>Gur</span> <span class='ocrx_word' id='word_1_117' title='bbox 359 1943 439 2009; x_wconf 89' lang='lat' dir='ltr'>haec</span> <span class='ocrx_word' id='word_1_118' title='bbox 459 1943 495 2009; x_wconf 92' lang='lat' dir='ltr'>in</span> <span class='ocrx_word' id='word_1_119' title='bbox 515 1944 609 2009; x_wconf 87' lang='lat' dir='ltr'>terris</span> <span class='ocrx_word' id='word_1_120' title='bbox 629 1944 727 2010; x_wconf 85' lang='lat' dir='ltr'>facies</span> <span class='ocrx_word' id='word_1_121' title='bbox 748 1943 888 2008; x_wconf 88' lang='lat' dir='ltr'>humana</span> <span class='ocrx_word' id='word_1_122' title='bbox 907 1942 1070 2010; x_wconf 72' lang='lat' dir='ltr'>moratum?</span> 
     </span>
     <span class='ocr_line' id='line_1_22' title="bbox 316 2026 962 2114; baseline 0 -22"><span class='ocrx_word' id='word_1_123' title='bbox 316 2026 476 2112; x_wconf 89' lang='lat' dir='ltr'>Iuppiter,</span> <span class='ocrx_word' id='word_1_124' title='bbox 497 2029 612 2113; x_wconf 91' lang='lat' dir='ltr'>ignoro</span> <span class='ocrx_word' id='word_1_125' title='bbox 634 2027 771 2114; x_wconf 88' lang='lat' dir='ltr'>pristina</span> <span class='ocrx_word' id='word_1_126' title='bbox 791 2027 878 2092; x_wconf 81' lang='lat' dir='ltr'>furta</span> <span class='ocrx_word' id='word_1_127' title='bbox 897 2030 962 2092; x_wconf 77' lang='lat' dir='ltr'>tiro.</span> 
     </span>
     <span class='ocr_line' id='line_1_23' title="bbox 246 2109 1138 2196; baseline 0.003 -23"><span class='ocrx_word' id='word_1_128' title='bbox 246 2125 262 2173; x_wconf 78' lang='lat' dir='ltr'>o</span> <span class='ocrx_word' id='word_1_129' title='bbox 277 2109 378 2176; x_wconf 82' lang='lat' dir='ltr'>Fulvo</span> <span class='ocrx_word' id='word_1_130' title='bbox 393 2114 514 2176; x_wconf 86' lang='lat' dir='ltr'>comest</span> <span class='ocrx_word' id='word_1_131' title='bbox 527 2112 706 2196; x_wconf 78' lang='lat' dir='ltr'>longaeque</span> <span class='ocrx_word' id='word_1_132' title='bbox 719 2131 847 2195; x_wconf 88' lang='lat' dir='ltr'>manus,</span> <span class='ocrx_word' id='word_1_133' title='bbox 868 2115 901 2176; x_wconf 90' lang='lat' dir='ltr'>et</span> <span class='ocrx_word' id='word_1_134' title='bbox 914 2111 1051 2176; x_wconf 87' lang='lat' dir='ltr'>maxima</span> <span class='ocrx_word' id='word_1_135' title='bbox 1063 2113 1138 2176; x_wconf 89' lang='lat' dir='ltr'>toto</span> 
     </span>
     <span class='ocr_line' id='line_1_24' title="bbox 318 2194 1084 2280; baseline -0.003 -20"><span class='ocrx_word' id='word_1_136' title='bbox 318 2194 461 2279; x_wconf 81' lang='lat' dir='ltr'>Corpore</span> <span class='ocrx_word' id='word_1_137' title='bbox 500 2197 532 2260; x_wconf 91' lang='lat' dir='ltr'>et</span> <span class='ocrx_word' id='word_1_138' title='bbox 552 2195 673 2260; x_wconf 75' lang='lat' dir='ltr'>incedit</span> <span class='ocrx_word' id='word_1_139' title='bbox 693 2196 744 2261; x_wconf 83' lang='lat' dir='ltr'>vel</span> <span class='ocrx_word' id='word_1_140' title='bbox 764 2195 840 2268; x_wconf 80' lang='lat' dir='ltr'>Iove</span> <span class='ocrx_word' id='word_1_141' title='bbox 862 2194 960 2280; x_wconf 88' lang='lat' dir='ltr'>digna</span> <span class='ocrx_word' id='word_1_142' title='bbox 981 2201 1084 2278; x_wconf 85' lang='lat' dir='ltr'>soror,</span> 
     </span>
     <span class='ocr_line' id='line_1_25' title="bbox 274 2243 1106 2377; baseline 0.008 -34"><span class='ocrx_word' id='word_1_143' title='bbox 274 2279 343 2343; x_wconf 86' lang='lat' dir='ltr'>Aut</span> <span class='ocrx_word' id='word_1_144' title='bbox 363 2299 435 2344; x_wconf 89' lang='lat' dir='ltr'>cum</span> <span class='ocrx_word' id='word_1_145' title='bbox 456 2243 636 2377; x_wconf 75' lang='lat' dir='ltr'>dduniohias</span> <span class='ocrx_word' id='word_1_146' title='bbox 657 2278 763 2344; x_wconf 87' lang='lat' dir='ltr'>Pallas</span> <span class='ocrx_word' id='word_1_147' title='bbox 784 2279 939 2367; x_wconf 84' lang='lat' dir='ltr'>spatiatur</span> <span class='ocrx_word' id='word_1_148' title='bbox 959 2279 1000 2344; x_wconf 87' lang='lat' dir='ltr'>ed</span> <span class='ocrx_word' id='word_1_149' title='bbox 1020 2301 1106 2362; x_wconf 55' lang='grc' dir='ltr'>ωδε,</span> 
     </span>
     <span class='ocr_line' id='line_1_26' title="bbox 317 2361 1077 2448; baseline 0 -22"><span class='ocrx_word' id='word_1_150' title='bbox 317 2361 478 2448; x_wconf 81' lang='lat' dir='ltr'>Gorgonis</span> <span class='ocrx_word' id='word_1_151' title='bbox 500 2363 683 2448; x_wconf 76' lang='lat' dir='ltr'>anguiferae</span> <span class='ocrx_word' id='word_1_152' title='bbox 704 2366 816 2448; x_wconf 88' lang='lat' dir='ltr'>pectus</span> <span class='ocrx_word' id='word_1_153' title='bbox 837 2367 948 2448; x_wconf 85' lang='lat' dir='ltr'>operta</span> <span class='ocrx_word' id='word_1_154' title='bbox 969 2363 1077 2428; x_wconf 86' lang='lat' dir='ltr'>comis.</span> 
     </span>
     <span class='ocr_line' id='line_1_27' title="bbox 275 2445 1137 2533; baseline 0.002 -23"><span class='ocrx_word' id='word_1_155' title='bbox 275 2445 385 2522; x_wconf 75' lang='lat' dir='ltr'>Qualis</span> <span class='ocrx_word' id='word_1_156' title='bbox 407 2450 440 2511; x_wconf 88' lang='lat' dir='ltr'>et</span> <span class='ocrx_word' id='word_1_157' title='bbox 461 2445 667 2512; x_wconf 85' lang='lat' dir='ltr'>Ischomache</span> <span class='ocrx_word' id='word_1_158' title='bbox 688 2445 843 2532; x_wconf 73' lang='lat' dir='ltr'>Lapithae</span> <span class='ocrx_word' id='word_1_159' title='bbox 864 2468 966 2533; x_wconf 88' lang='lat' dir='ltr'>genus</span> <span class='ocrx_word' id='word_1_160' title='bbox 986 2445 1137 2533; x_wconf 76' lang='lat' dir='ltr'>heroine,</span> 
     </span>
     <span class='ocr_line' id='line_1_28' title="bbox 226 2529 980 2618; baseline 0.007 -27"><span class='ocrx_word' id='word_1_161' title='bbox 226 2541 258 2590; x_wconf 91' lang='lat'>10</span> <span class='ocrx_word' id='word_1_162' title='bbox 316 2529 483 2596; x_wconf 77' lang='lat' dir='ltr'>Centauris</span> <span class='ocrx_word' id='word_1_163' title='bbox 504 2531 610 2596; x_wconf 91' lang='lat' dir='ltr'>medio</span> <span class='ocrx_word' id='word_1_164' title='bbox 631 2534 725 2618; x_wconf 89' lang='lat' dir='ltr'>grata</span> <span class='ocrx_word' id='word_1_165' title='bbox 745 2531 857 2616; x_wconf 88' lang='lat' dir='ltr'>rapina</span> <span class='ocrx_word' id='word_1_166' title='bbox 877 2551 980 2614; x_wconf 90' lang='lat' dir='ltr'>mero,</span> 
     </span>
     <span class='ocr_line' id='line_1_29' title="bbox 274 2612 1023 2698; baseline 0.004 -21"><span class='ocrx_word' id='word_1_167' title='bbox 274 2612 494 2698; x_wconf 86' lang='lat' dir='ltr'>Mercurioque</span> <span class='ocrx_word' id='word_1_168' title='bbox 515 2613 585 2680; x_wconf 82' lang='lat' dir='ltr'>Sais</span> <span class='ocrx_word' id='word_1_169' title='bbox 606 2615 708 2680; x_wconf 79' lang='lat' dir='ltr'>fortan</span> <span class='ocrx_word' id='word_1_170' title='bbox 728 2614 907 2681; x_wconf 87' lang='lat' dir='ltr'>Boebeidos</span> <span class='ocrx_word' id='word_1_171' title='bbox 929 2615 1023 2682; x_wconf 82' lang='lat' dir='ltr'>undis</span> 
     </span>
     <span class='ocr_line' id='line_1_30' title="bbox 316 2695 976 2784; baseline 0.005 -23"><span class='ocrx_word' id='word_1_172' title='bbox 316 2695 504 2782; x_wconf 87' lang='lat' dir='ltr'>Virgineum</span> <span class='ocrx_word' id='word_1_173' title='bbox 525 2697 635 2764; x_wconf 89' lang='lat' dir='ltr'>Brimo</span> <span class='ocrx_word' id='word_1_174' title='bbox 658 2699 863 2784; x_wconf 89' lang='lat' dir='ltr'>conposuisse</span> <span class='ocrx_word' id='word_1_175' title='bbox 885 2701 976 2764; x_wconf 88' lang='lat' dir='ltr'>latus.</span> 
     </span>
     <span class='ocr_line' id='line_1_31' title="bbox 274 2779 1092 2869; baseline 0.005 -23"><span class='ocrx_word' id='word_1_176' title='bbox 274 2779 385 2846; x_wconf 83' lang='lat' dir='ltr'>Oedite</span> <span class='ocrx_word' id='word_1_177' title='bbox 406 2781 490 2865; x_wconf 90' lang='lat' dir='ltr'>iam,</span> <span class='ocrx_word' id='word_1_178' title='bbox 512 2781 619 2867; x_wconf 89' lang='lat' dir='ltr'>divae,</span> <span class='ocrx_word' id='word_1_179' title='bbox 642 2802 720 2868; x_wconf 88' lang='lat' dir='ltr'>quas</span> <span class='ocrx_word' id='word_1_180' title='bbox 741 2787 851 2869; x_wconf 83' lang='lat' dir='ltr'>pastor</span> <span class='ocrx_word' id='word_1_181' title='bbox 871 2784 993 2851; x_wconf 84' lang='lat' dir='ltr'>viderat</span> <span class='ocrx_word' id='word_1_182' title='bbox 1014 2783 1092 2850; x_wconf 87' lang='lat' dir='ltr'>olim</span> 
     </span>
     <span class='ocr_line' id='line_1_32' title="bbox 315 2862 905 2965; baseline 0.01 -37"><span class='ocrx_word' id='word_1_183' title='bbox 315 2862 419 2929; x_wconf 89' lang='lat' dir='ltr'>Idaeis</span> <span class='ocrx_word' id='word_1_184' title='bbox 440 2865 564 2930; x_wconf 87' lang='lat' dir='ltr'>tunicas</span> <span class='ocrx_word' id='word_1_185' title='bbox 584 2887 704 2965; x_wconf 82' lang='lat' dir='ltr'>ponere</span> <span class='ocrx_word' id='word_1_186' title='bbox 725 2868 905 2934; x_wconf 85' lang='lat' dir='ltr'>verticibus.</span> 
     </span>
     <span class='ocr_line' id='line_1_33' title="bbox 227 2945 1074 3037; baseline 0.006 -27"><span class='ocrx_word' id='word_1_187' title='bbox 227 2960 257 3010; x_wconf 78' lang='lat' dir='ltr'>tc</span> <span class='ocrx_word' id='word_1_188' title='bbox 271 2945 366 3014; x_wconf 85' lang='lat' dir='ltr'>Hanc</span> <span class='ocrx_word' id='word_1_189' title='bbox 386 2949 509 3014; x_wconf 87' lang='lat' dir='ltr'>utinam</span> <span class='ocrx_word' id='word_1_190' title='bbox 530 2951 644 3016; x_wconf 85' lang='lat' dir='ltr'>facrem</span> <span class='ocrx_word' id='word_1_191' title='bbox 664 2952 748 3018; x_wconf 93' lang='lat' dir='ltr'>nolit</span> <span class='ocrx_word' id='word_1_192' title='bbox 768 2955 891 3020; x_wconf 85' lang='lat' dir='ltr'>mutare</span> <span class='ocrx_word' id='word_1_193' title='bbox 913 2953 1074 3037; x_wconf 85' lang='lat' dir='ltr'>senectus,</span> 
     </span>
     <span class='ocr_line' id='line_1_34' title="bbox 314 3031 918 3123; baseline 0.007 -25"><span class='ocrx_word' id='word_1_194' title='bbox 314 3031 388 3098; x_wconf 81' lang='lat' dir='ltr'>Etsi</span> <span class='ocrx_word' id='word_1_195' title='bbox 410 3031 565 3100; x_wconf 79' lang='lat' dir='ltr'>Cumaeae</span> <span class='ocrx_word' id='word_1_196' title='bbox 587 3037 711 3101; x_wconf 88' lang='lat' dir='ltr'>saecula</span> <span class='ocrx_word' id='word_1_197' title='bbox 731 3036 814 3102; x_wconf 83' lang='lat' dir='ltr'>vatis</span> <span class='ocrx_word' id='word_1_198' title='bbox 836 3039 918 3123; x_wconf 88' lang='lat' dir='ltr'>aget.</span> 
     </span>
    </p>
   </div>
   <div class='ocr_carea' id='block_1_7' title="bbox 613 3167 765 3177">
    <p class='ocr_par' dir='ltr' id='par_1_8' title="bbox 613 3167 765 3177">
     <span class='ocr_line' id='line_1_35' title="bbox 613 3167 765 3177; baseline 0.007 -1"><span class='ocrx_word' id='word_1_199' title='bbox 613 3167 765 3177; x_wconf 77' lang='lat'>———-</span> 
     </span>
    </p>
   </div>
   <div class='ocr_carea' id='block_1_8' title="bbox 654 3225 718 3301">
    <p class='ocr_par' dir='ltr' id='par_1_9' title="bbox 654 3225 718 3301">
     <span class='ocr_line' id='line_1_36' title="bbox 654 3225 718 3301; baseline 0.047 -3"><span class='ocrx_word' id='word_1_200' title='bbox 654 3225 718 3301; x_wconf 82' lang='lat'>111.</span> 
     </span>
    </p>
   </div>
   <div class='ocr_carea' id='block_1_9' title="bbox 273 3332 1061 3510">
    <p class='ocr_par' dir='ltr' id='par_1_10' title="bbox 273 3332 1061 3510">
     <span class='ocr_line' id='line_1_37' title="bbox 273 3332 1061 3425; baseline 0.011 -28"><span class='ocrx_word' id='word_1_201' title='bbox 273 3332 335 3411; x_wconf 81' lang='lat' dir='ltr'>Qui</span> <span class='ocrx_word' id='word_1_202' title='bbox 356 3336 477 3400; x_wconf 88' lang='lat' dir='ltr'>nullam</span> <span class='ocrx_word' id='word_1_203' title='bbox 498 3337 558 3402; x_wconf 90' lang='lat' dir='ltr'>tibi</span> <span class='ocrx_word' id='word_1_204' title='bbox 581 3338 707 3405; x_wconf 85' lang='lat' dir='ltr'>dicebas</span> <span class='ocrx_word' id='word_1_205' title='bbox 729 3340 794 3408; x_wconf 80' lang='lat' dir='ltr'>ianr</span> <span class='ocrx_word' id='word_1_206' title='bbox 815 3361 909 3425; x_wconf 86' lang='lat' dir='ltr'>posse</span> <span class='ocrx_word' id='word_1_207' title='bbox 929 3361 1061 3425; x_wconf 87' lang='lat' dir='ltr'>nocere,</span> 
     </span>
     <span class='ocr_line' id='line_1_38' title="bbox 313 3417 941 3510; baseline 0.014 -27"><span class='ocrx_word' id='word_1_208' title='bbox 313 3417 471 3506; x_wconf 85' lang='lat' dir='ltr'>Haesisti,</span> <span class='ocrx_word' id='word_1_209' title='bbox 494 3421 609 3486; x_wconf 85' lang='lat' dir='ltr'>cecidit</span> <span class='ocrx_word' id='word_1_210' title='bbox 630 3424 760 3510; x_wconf 89' lang='lat' dir='ltr'>spiritus</span> <span class='ocrx_word' id='word_1_211' title='bbox 782 3426 837 3492; x_wconf 90' lang='lat' dir='ltr'>ille</span> <span class='ocrx_word' id='word_1_212' title='bbox 857 3427 941 3492; x_wconf 88' lang='lat' dir='ltr'>tuus.</span> 
     </span>
    </p>
   </div>
   <div class='ocr_carea' id='block_1_10' title="bbox 0 0 1328 4140">
    <p class='ocr_par' dir='ltr' id='par_1_11' title="bbox 0 0 1328 4140">
     <span class='ocr_line' id='line_1_39' title="bbox 0 0 1328 4140; baseline 0 0"><span class='ocrx_word' id='word_1_213' title='bbox 0 0 1328 4140; x_wconf 95' lang='lat' dir='ltr'> </span> 
     </span>
    </p>
   </div>
  </div>
 </body>
</html>
