2666 4138
242 260 282 326 10
648 259 793 317 suevum
1129 263 1212 336 [1111.

303 427 425 494 Necte
447 423 610 511 paeniteat
630 423 726 490 duros
748 424 881 489 subiisse
902 423 1029 489 labores

287 517 289 523 “
345 512 414 575 Aut
434 532 453 574 0
478 532 532 575 era
551 510 691 574 insuetas
714 508 880 573 atteruisse
901 529 1030 590 manus,

304 595 388 677 Nec,
410 533 489 660 velit
508 592 634 658 insidiis
655 593 737 657 altas
759 592 787 656 si
808 591 954 656 claudere
975 592 1089 676 valles,

256 693 290 740 co
346 677 432 742 Dum
453 677 592 762 placeas,
614 676 716 741 umeri
735 677 817 740 retia
836 676 919 740 ferre
940 679 1068 760 negent

306 763 340 828 Si
361 762 447 826 volet
468 782 569 844 arma,
592 761 655 824 levi
675 759 847 843 temptabis
869 759 977 824 ludere
999 759 1126 826 dextre:

207 913 210 920 ,
348 845 448 929 Saepe
470 844 559 908 debir
580 844 716 926 nudum,
737 843 847 907 vincet
866 846 904 908 ut
923 843 992 925 ille,
1015 843 1109 906 lutus.

306 930 387 994 Tum
408 927 468 992 tibi
488 928 575 992 mitis
597 928 671 1010 erit,
693 949 729 991 ra
751 927 798 992 ias
819 931 890 991 tum
912 948 985 992 cara
1005 927 1115 990 licebit

348 1013 479 1078 Oscula:
501 1011 673 1097 pugnabit,
696 949 751 1076 sed
772 1014 882 1075 tamen
903 1013 979 1094 apta
999 1009 1096 1075 dabit.

257 1110 290 1160 ee
305 1097 354 1162 Ra
375 1100 410 1161 ta
430 1096 519 1160 dabit
539 1096 658 1180 primo,
680 1115 754 1159 mox
776 1095 888 1159 offeret
908 1094 976 1178 ipse
998 1095 1140 1180 roganti,

350 1121 429 1245 dost
449 1180 545 1244 etiam
567 1180 649 1244 collo
672 1200 706 1243 se
726 1178 911 1262 inplicuisse
932 1179 1028 1243 volet.

306 1265 378 1329 Heu
389 1264 471 1328 male
486 1284 571 1328 nune
582 1266 666 1327 artes
678 1263 809 1327 miseras
819 1261 899 1327 baec
914 1262 1038 1327 saecula
1047 1263 1208 1329 nectant:

244 1409 248 1418 .
347 1347 417 1412 Iam
437 1350 528 1410 tener
546 1347 690 1411 adsuevit
710 1367 842 1410 munera
862 1347 943 1410 velle
964 1367 1051 1430 puer.

307 1433 353 1496 At
372 1435 422 1513 tu,
446 1431 500 1513 qui
520 1429 678 1494 Venerem
700 1430 836 1495 docuisti
857 1430 993 1494 vendere
1014 1431 1153 1514 primus,

258 1530 292 1578 eo
349 1514 499 1597 Quisquis
521 1533 569 1596 es,
592 1513 704 1578 infelix
725 1517 839 1598 urgeat
860 1535 933 1578 osse
953 1515 1043 1597 lapis.

307 1597 465 1680 Pieridas,
487 1598 593 1681 pueri,
617 1597 726 1661 doctos
748 1601 907 1662 stemate
927 1601 1052 1682 poetes,

349 1684 458 1746 Aurea
477 1702 537 1746 nec
559 1684 710 1766 superent
730 1703 862 1746 munera
882 1681 1033 1746 Pieridas.

311 1766 458 1834 Carmine
478 1769 670 1850 purpureast
689 1763 761 1831 Nisi
783 1786 888 1830 come:
911 1767 1107 1830 amminoni
1129 1767 1206 1850 sint,

349 1851 400 1916 Ex
421 1871 530 1914 umero
552 1848 681 1934 Pelopis
701 1870 768 1914 non
789 1849 939 1914 nituisset
960 1851 1044 1914 ebur.

259 1949 292 1998 65
307 1934 407 2012 Quem
427 1934 567 1998 referent
587 1932 713 2017 Musae,
737 1933 837 2017 vivet,
859 1933 936 1998 dum
956 1933 1072 1998 robora
1092 1935 1205 2018 tellus,

350 2017 435 2082 Dum
457 2018 580 2082 eaelum
602 2018 724 2101 stellas,
747 2016 823 2081 dum
844 2017 938 2082 vehet
960 2018 1062 2081 amnis
1083 2036 1190 2101 aquas.

308 2103 354 2166 At
396 2102 429 2167 ui
449 2122 517 2165 non
538 2100 627 2165 audit
647 2101 771 2184 Musas,
795 2101 850 2185 qui
870 2101 980 2166 vendit
1000 2121 1156 2185 amorem,

351 2123 464 2248 Idaeae
486 2206 595 2248 currus
616 2185 671 2248 ille
693 2189 843 2268 sequatur
863 2186 942 2269 Opis

308 2267 353 2334 Et
372 2270 571 2333 tercentenas
593 2267 751 2333 erroribus
774 2271 900 2354 expleat
920 2269 1014 2335 urbes

261 2365 294 2415 ao
349 2352 394 2416 Et
415 2355 500 2418 secet
521 2351 561 2416 ad
582 2351 740 2437 Phrygios
760 2352 839 2417 vilia
858 2353 1000 2418 membra
1020 2352 1141 2419 modos.

309 2435 481 2502 Blanditiis
501 2436 570 2501 volt
591 2457 659 2501 esee
683 2437 789 2501 locum
809 2437 919 2503 Venus
940 2438 1025 2522 ipsa:
1047 2436 1183 2522 querelis

353 2519 571 2604 Supplieibus,
592 2521 716 2586 miseris
736 2521 863 2586 fletibus
885 2522 940 2586 illa
960 2523 1070 2586 fauet?

310 2602 399 2669 Haec
420 2603 515 2686 mihi,
537 2624 617 2686 quae
639 2625 784 2682 canerem
799 2605 899 2688 litio,
923 2605 999 2670 deus
1022 2601 1121 2670 edidit
1135 2626 1205 2671 ore:

353 2684 415 2751 Sed
436 2685 555 2750 'litium
577 2687 715 2752 coniunx
736 2687 815 2754 baec
835 2689 1017 2755 meminisse
1038 2693 1133 2755 vetat.

261 2782 294 2832 τό
309 2769 423 2834 Pareat
443 2770 497 2834 ille
518 2791 608 2835 suae:
629 2792 687 2835 vos
707 2791 759 2837 me
781 2773 938 2838 'celebrate
959 2773 1165 2860 magistrum,

353 2853 439 2930 Quos
460 2853 543 2918 male
563 2853 660 2919 habet
680 2856 781 2922 multe
802 2857 934 2922 callidus
956 2861 1024 2922 arte
1044 2878 1131 2942 puer.

311 2937 422 3002 Gloria
443 2938 554 3022 cuique
576 2942 678 3004 suast:
700 2961 761 3024 me,
783 2941 838 3024 qui
852 2944 1050 3026 spernentur,
1065 2943 1208 3006 ementes

353 3021 559 3087 Oonsnltent:
582 3023 704 3088 cunctis
725 3025 820 3089 ianua
840 3027 952 3089 nostra
972 3027 1068 3110 patet

310 3105 449 3190 Tempus
471 3107 540 3189 erit,
562 3127 634 3170 eum
647 3128 699 3172 me
712 3106 847 3172 Veneris
886 3112 1032 3193 raeoepta
1053 3108 1210 3174 ferentem

261 3200 296 3251 eo
351 3189 497 3255 Deducat
517 3190 666 3255 iuvenum
687 3191 796 3256 sedula
816 3130 910 3257 turba
930 3213 1048 3258 senem.

310 3272 383 3337 Heu
404 3272 466 3338 heu
487 3295 582 3358 quam
596 3273 760 3340 Marathus
775 3276 862 3341 lento
876 3298 928 3342 me
942 3279 1070 3361 torquet
1084 3279 1209 3344 amore!

353 3355 514 3420 Deficiunt
535 3361 635 3443 artes,
658 3359 870 3444 deficiuntque
892 3361 966 3425 doli.

310 3436 423 3522 Parce,
444 3461 538 3524 puer,
561 3463 692 3526 quaeso,
718 3465 759 3509 ne
780 3444 882 3528 turpis
904 3443 1012 3509 fabula
1032 3443 1125 3530 fiam,

354 3521 435 3588 Cum
456 3545 528 3587 mea
549 3525 697 3590 ridebunt
717 3549 799 3593 vana
819 3529 1011 3614 magisteria.

652 3648 803 3658 ———..-
