2628 4116
263 183 303 251 10
672 189 824 245 curvum
1144 192 1228 264 [xvi

325 349 417 425 Quod
439 353 516 416 sunt
536 351 705 432 molliculi,
728 373 839 435 parum
860 351 1020 434 pudicum.

233 505 235 511 ,
277 450 293 497 e
325 433 411 499 Nam
435 439 557 500 castum
579 457 648 500 esse
669 435 760 500 decet
780 436 869 519 pium
891 439 1019 518 poetam

325 517 452 603 Ipsum,
474 520 646 584 versiculos
667 517 748 582 nihil
769 522 944 602 necessest,

326 601 390 677 Qui
410 608 479 668 tum
501 603 636 686 denique
656 601 776 666 habent
798 602 956 668 salamae
978 603 1136 686 leporem,

328 687 362 752 Si
384 691 459 752 sunt
479 687 633 751 molliculi
654 707 691 750 ac
713 708 826 770 parum
847 685 954 770 pudici

326 770 371 834 Et
392 770 477 868 quud
497 771 620 855 pruriat
639 771 772 834 incitare
794 774 944 854 possunt,

161 891 168 906 ·
265 869 297 920 le
324 854 402 920 Non
422 855 492 919 dico
513 855 636 938 pueris,
659 854 714 918 sed
735 854 786 918 his
807 854 933 938 pilosiS,

326 937 388 1014 Qui
410 938 504 1002 duros
525 941 688 1022 nequeunt
708 956 835 1002 morere
857 937 994 1005 lumbos.
1111 1013 1117 1016 ,

325 1021 409 1104 Vos,
432 1043 528 1106 quom
548 1022 638 1086 milia
658 1022 759 1086 multa
780 1020 943 1085 basiorum

325 1105 370 1170 Le
396 1105 478 1188 us,
499 1106 582 1170 male
603 1127 653 1170 me
674 1127 795 1169 marem
815 1103 958 1188 putatis?

324 1189 369 1254 Pe
392 1189 483 1253 ieabc
506 1210 566 1273 ego
588 1211 645 1252 vos
668 1192 700 1252 et
720 1189 898 1252 inrumabo.

666 1318 819 1328 ———-——-·-

682 1401 795 1475 XVII.

326 1523 353 1590 Ο
377 1524 526 1606 Colonia,
549 1545 628 1606 quae
651 1524 739 1607 cupis
761 1528 860 1608 ponte
882 1524 990 1588 ludere
1011 1525 1123 1609 longo,

323 1608 369 1673 Et
390 1609 483 1672 salire
504 1610 650 1691 paratum
671 1607 783 1690 habea,
806 1609 862 1674 sed
883 1609 1001 1672 vereris
1022 1609 1132 1706 inepta

326 1691 426 1758 Crura
447 1691 603 1775 ponticuli
624 1692 737 1756 assulis
760 1693 874 1756 stantis
896 1693 931 1756 in
951 1691 1114 1774 redivivis,

324 1775 376 1841 Ne
398 1777 530 1859 supinus
553 1778 605 1840 eat
626 1797 763 1858 cavaque
784 1776 819 1840 in
863 1775 955 1840 elude
975 1774 1154 1860 recumbat3

274 1874 291 1921 t
324 1860 377 1925 sic
398 1860 459 1924 tibi
479 1860 582 1924 bonus
605 1881 643 1924 ex
664 1862 719 1924 tua
739 1881 820 1944 pons
840 1799 974 1924 libidine
995 1859 1065 1942 fiat,

323 1942 363 2008 In
385 1964 447 2027 quo
469 1944 520 2010 vel
542 1933 719 2008 Salisubsili
741 1965 832 2008 sacra
854 1941 1080 2028 suscipiantur:

324 2027 441 2091 Munus
463 2027 525 2092 hoe
546 2027 624 2091 mihi
647 2028 778 2092 maximi
800 2028 853 2111 da,
878 2027 1029 2109 Colonia,
1051 2027 1143 2091 risus.

323 2111 490 2187 Quendam
510 2111 702 2194 municipem
723 2134 830 2176 meum
852 2111 890 2176 de
912 2114 967 2175 tuo
990 2111 1063 2174 volo
1087 2117 1188 2194 ponte

323 2194 373 2259 lre
395 2195 599 2278 praecipitem
620 2197 656 2259 in
678 2197 781 2261 lulum
800 2217 857 2293 per
877 2198 1033 2278 caputque
1053 2194 1222 2280 pedesque,

261 2292 294 2340 ιο
321 2278 440 2344 Verum
461 2279 559 2344 totius
580 2283 617 2344 ut
636 2281 723 2346 lacus
745 2279 935 2364 putrdaeqne
979 2278 1080 2342 aludis
1291 2283 1292 2290 ³

322 2362 523 2428 lividissima
544 2365 743 2448 maximeque
766 2367 815 2428 est
835 2301 993 2446 profirnda
1014 2383 1143 2446 veruga

322 2445 555 2512 Insulsissimus
577 2452 626 2513 est
646 2449 742 2513 homo
779 2469 838 2512 nec
861 2447 945 2530 sapit
965 2447 1056 2530 pueri
1076 2445 1181 2511 instar

320 2530 440 2595 Bimuli
460 2533 595 2596 tremula
616 2534 716 2616 patris
738 2497 924 2596 dormientis
946 2531 981 2595 in
1001 2531 1086 2594 ulna.

321 2615 403 2690 Quoi
425 2637 496 2680 cum
518 2617 561 2681 sit
581 2617 772 2682 viridissimo
794 2618 895 2699 nupta
915 2614 993 2678 flore
1014 2613 1122 2698 puella

259 2710 291 2760 15
321 2698 379 2784 (Et
399 2700 506 2784 puella
526 2701 678 2766 tenellulo
701 2699 865 2764 delicatior
885 2697 988 2763 haedo
994 2747 1003 2780 ,

319 2783 527 2849 Adservanda
547 2785 729 2882 nigerrimis
751 2782 936 2867 diligentius
958 2781 1058 2867 uvis),

320 2866 443 2932 Ludere
463 2867 547 2934 hanc
569 2869 646 2933 emit
666 2870 703 2932 ut
723 2867 827 2949 lubet,
849 2887 909 2931 nec
930 2866 989 2950 pili
1009 2866 1088 2930 facit
1109 2865 1180 2948 uni,

318 2949 388 3017 Nec
409 2973 443 3017 se
465 2953 609 3018 sublevat
631 2973 670 3015 ex
691 2971 748 3015 sua
768 2953 875 3033 parte,
899 2950 954 3014 sed
974 2951 1062 3014 velut
1083 2949 1177 3014 alnus
1288 2957 1289 3004 l

318 3035 358 3100 In
379 3036 466 3100 fossa
487 3036 598 3120 Liguri
619 3036 703 3099 iacet
724 3037 917 3118 suppernata
938 3035 1055 3114 securi,
1105 3077 1107 3081 -

255 3132 290 3181 20
318 3119 519 3184 Tantundem
541 3119 649 3182 omnia
665 3118 804 3182 sentiens
827 3139 922 3202 quam
944 3119 972 3182 si
992 3117 1082 3182 nulla
1103 3119 1146 3182 sit
1167 3139 1220 3182 us·

884 3224 959 3266 uam

318 3286 405 3351 Talis
426 3287 487 3352 iste
508 3309 597 3351 meus
619 3289 730 3370 stupor
750 3285 799 3348 nil
820 3224 921 3370 vidit,
943 3251 1026 3350 nihil
1047 3285 1150 3367 audit,

317 3369 391 3454 Ipse
419 3371 474 3454 qui
501 3371 556 3455 sit,
583 3372 689 3434 utrum
716 3370 758 3434 sit
784 3392 826 3434 an
846 3391 918 3455 ,non
946 3371 1002 3454 sit,
1031 3369 1064 3436 id
1092 3391 1221 3455 quoque

854 3455 970 3518 ‘nescit
