2636 4146
229 227 271 290 62
545 228 739 286 PROPERTII
760 229 868 283 LIBER
890 229 937 284 111.
1060 228 1214 302 [xxm]

243 406 278 455 ἰο
334 393 452 458 Missus
475 396 508 458 et
528 391 680 476 inpressis
704 389 825 454 haedus
847 391 888 454 ab
908 390 1068 456 uberibus.

294 477 400 559 Felix,
423 478 478 560 qui
500 477 579 541 viles
600 475 705 560 pomis
729 475 881 539 mercaris
904 477 1040 538 amores!

335 559 420 626 Huic
442 561 519 626 licet
538 562 685 648 ingratae
706 558 835 642 Tityrus
857 559 926 642 ipse
949 563 1057 622 canat:

199 699 201 702 .
294 643 385 710 Felix
406 646 563 710 intactum
585 643 736 726 Corydon
759 643 814 727 qui
835 645 972 739 temptat
992 643 1112 708 Alexin

336 730 507 814 Agricolae
529 728 651 792 domini
673 747 801 811 carpere
823 726 968 791 delicias!

247 825 279 875 75
294 811 445 888 Quamvis
467 813 521 876 ille
543 833 601 876 sua
621 812 724 876 lassus
749 832 784 875 re
805 811 927 875 uiescat
947 833 1061 894 avena,

336 895 499 961 Laudatur
520 895 633 960 faciles
657 897 741 959 inter
796 893 1010 982 amadryadas.

295 979 344 1044 'Pu
366 981 453 1046 canis
475 980 607 1046 Ascraei
628 980 743 1044 veteris
766 983 935 1063 praecepta
959 983 1087 1063 poetae,

338 1063 407 1139 Quo
430 1085 521 1150 sagea
542 1065 577 1128 in
599 1083 669 1128 cam
692 1084 727 1146 o,
750 1084 813 1147 quo
836 1063 918 1127 viret
938 1085 1001 1128 uva
1022 1063 1108 1148 iugo.

295 1147 372 1213 Tale
394 1148 473 1214 facis
496 1169 638 1231 carmen,
664 1086 758 1212 ‹iocta
778 1147 938 1212 testudine
960 1147 1053 1244 quale

246 1243 280 1293 so
336 1232 492 1316 Cynthius
514 1233 660 1317 inpositis
681 1234 840 1315 temperat
860 1231 1010 1296 articulis.

294 1315 371 1381 Non
392 1319 500 1381 tamen
521 1315 600 1381 haec
620 1317 680 1380 ulli
700 1316 831 1380 venient
855 1316 981 1401 ingrata
1001 1315 1138 1400 legenti,

340 1399 413 1464 Sive
434 1401 469 1464 in
490 1421 598 1465 amore
619 1399 708 1464 rudis
730 1400 796 1464 sive
817 1401 938 1484 peritus
960 1401 1028 1464 erit.

294 1483 326 1549 N
329 1504 364 1549 ec
378 1484 483 1548 minor
497 1483 548 1548 his
563 1484 677 1548 animis
693 1487 763 1568 aut,
777 1485 833 1566 †si
846 1485 966 1566 minor,
989 1505 1043 1548 ore
1058 1505 1204 1552 canorus

335 1568 470 1648 ¹Anseris
492 1567 621 1634 indocto
643 1569 781 1632 carmine
804 1568 900 1632 cessit
921 1569 999 1632 olor.

246 1665 278 1714 85
293 1650 383 1716 Haec
404 1673 467 1736 quo
490 1673 530 1716 ue
551 1652 693 1736 perfecto
715 1651 845 1716 ludebat
865 1651 981 1717 Iasone
1002 1651 1122 1736 Varro,

338 1735 441 1800 Varro
509 1737 639 1802 noadiae
661 1737 798 1800 maxima
818 1735 946 1801 flamma
968 1749 1060 1800 suae·¹

295 1819 384 1885 Haec
405 1841 530 1906 quoque
552 1821 662 1886 lascivi
684 1824 853 1886 cantarunt
879 1821 999 1905 scripta
1020 1819 1150 1904 Catulli,

337 1905 453 1970 Lesbia
474 1906 544 1989 quis
566 1906 637 1990 ipsa
660 1905 768 1970 notior
789 1909 838 1970 est
858 1905 991 1970 Helena.

296 1987 386 2055 Haec
408 1990 505 2054 etiam
526 1989 613 2054 docti
634 1989 813 2054 confessast
833 2012 854 2074 p
901 1990 907 2002 '
934 2011 953 2052 a
974 1988 1080 2072 Calvi,

248 2087 282 2136 so
339 2071 420 2138 Cum
442 2077 570 2138 caneret
590 2073 723 2138 miserae
747 2074 860 2138 funera
882 2087 893 2152 j
910 2073 1064 2138 uintiliae.

294 2155 339 2221 Et
359 2157 455 2223 modo
476 2157 617 2222 formosa
638 2178 733 2240 quam
757 2158 858 2223 multa
878 2157 1032 2242 Lycoride
1054 2156 1169 2223 Gallus
1186 2229 1190 2238 .

338 2239 484 2306 Mortuus
506 2241 632 2306 inferna
656 2241 788 2306 vulnera
809 2241 888 2306 lavit
909 2264 928 2306 a
950 2241 1006 2306 ua!

295 2323 436 2408 Cynthia
458 2325 535 2409 quin
557 2325 652 2390 etiam
673 2347 766 2391 versu
788 2325 916 2390 laudata
963 2327 1098 2412 roperti,

337 2408 406 2474 Hos
428 2410 512 2476 inter
533 2411 561 2476 si
582 2431 633 2476 me
654 2431 773 2496 ponere
794 2409 894 2475 Fama
915 2410 1010 2476 volet
