2636 4146
98 196 151 270 XL]
375 207 381 220 ’
475 209 595 266 ‘Linea
615 211 650 268 V.
990 207 1049 270 117

135 361 215 438 Quin
237 373 304 433 erat
325 373 358 434 et
379 393 513 456 magnae
535 395 608 456 pars
631 371 784 438 imitanda
797 373 927 438 domus.

96 440 124 506 N
127 467 248 544 semea
269 457 422 519 mutatast
443 461 539 540 aetas,
563 457 632 521 sine
655 458 786 522 crimine
807 459 923 522 totast:
1015 469 1048 518 45

131 529 274 624 luimus
296 538 439 624 insignes
460 541 544 605 inter
564 543 728 625 utramque
749 542 862 606 facem.

97 609 139 675 lli
159 622 269 686 natura
291 622 378 686 dedit
399 623 485 708 leges
507 647 526 688 a
548 627 704 710 sanguine
726 625 844 709 ductas,

133 697 180 764 Ne
223 725 327 770 oseem
348 706 461 771 melior
482 709 594 774 iudicis
617 731 685 774 esse
706 713 802 774 metu.

15 875 16 878 Ἴ
96 726 252 853 Quaelibet
273 793 415 855 austeras
436 791 475 856 de
496 811 547 856 me
568 793 650 857 ferat
670 815 751 857 urna
771 794 919 859 tabellas:

133 865 266 955 Turpior
288 873 419 939 adsessu
439 896 506 938 non
528 877 588 940 erit
608 877 674 941 ulla
695 899 776 962 mec,
1015 890 1048 938 5⁰

15 995 16 1040 3
95 946 150 1012 Vel
171 957 214 1038 tu,
236 979 316 1041 quae
338 957 462 1023 tardam
484 961 612 1024 movisti
633 961 709 1025 fune
732 961 893 1046 Cybeben,

15 1061 16 1124 ,
133 1033 272 1125 Claudia,
294 1043 426 1106 turritae
448 1065 519 1108 rara
540 1045 686 1108 ministra
708 1045 795 1129 deae,

15 1133 16 1138 ’
94 1113 149 1180 Vel
171 1125 229 1208 cui,
254 1127 429 1191 conmisscs
452 1148 524 1191 eum
546 1129 646 1193 Vesta
666 1133 848 1213 reposceret
870 1129 973 1214 ignee,

132 1201 283 1274 Exhibuit
303 1209 392 1274 vivos
415 1211 563 1276 carbasus
585 1213 657 1277 alba
677 1213 778 1278 focos.

93 1280 156 1352 Nec
177 1294 218 1376 te,
241 1293 332 1359 dulce
355 1299 458 1380 caput,
481 1299 582 1361 mater
604 1295 779 1378 Scribonia,
803 1297 896 1364 laesi:
1014 1311 1047 1360 55

131 1369 169 1436 In
189 1399 240 1442 me
262 1381 419 1444 mutatum
441 1379 517 1463 quid
538 1381 601 1445 nisi
622 1381 690 1446 fata
710 1381 812 1446 velis?

93 1449 240 1526 Maternis
263 1461 373 1526 laudor
393 1464 533 1528 lacrimis
555 1465 705 1550 urbisque
727 1467 873 1551 querelis,

130 1537 270 1610 Defensa
291 1550 324 1610 et
368 1549 467 1611 emitu
489 1547 633 1614 Caesaris
655 1571 728 1614 ossa
749 1573 828 1615 mea.

91 1616 146 1687 llle
168 1649 223 1694 sua
244 1633 321 1694 nate
342 1569 474 1715 dignam
495 1633 612 1697 vixisse
635 1655 776 1698 sororem

130 1707 286 1798 increpat,
308 1717 341 1778 et
362 1714 509 1780 lacrimas
531 1717 666 1780 vidimus
688 1718 734 1781 ire
756 1718 825 1780 deo.
1014 1731 1048 1780 60

92 1787 133 1854 El
152 1798 259 1862 tamen
281 1799 401 1864 emerui
422 1819 596 1883 generosos
618 1801 715 1864 vestis
736 1800 885 1884 honores,

130 1875 196 1945 Nec
217 1903 289 1950 mea
310 1882 349 1947 de
372 1883 473 1948 sterili
494 1883 581 1948 facta
601 1885 713 1968 rapina
740 1885 863 1964 domo..

91 1954 145 2044 Tu,
166 1961 300 2051 Lepide,
335 1970 368 2031 et
394 1971 444 2051 tu,
467 1965 592 2052 Paulle,
626 1989 733 2033 meum
764 1973 839 2052 post
865 1969 931 2034 fala
962 1970 1005 2034 le·

412 2087 414 2092 s
692 2076 804 2118 vamen

129 2129 266 2200 Condita
282 2139 358 2200 sunt
378 2140 484 2202 vestro
506 2137 628 2203 lumina
648 2142 760 2203 nostra
781 2103 862 2203 siiru.

88 2209 233 2284 Vidimus
256 2224 288 2284 et
309 2221 441 2285 fratrem
462 2222 573 2286 sellam
594 2223 773 2307 geminasse
802 2223 956 2308 curulem3
1014 2237 1047 2286 ce

128 2297 249 2370 Consul
272 2325 334 2387 quo
355 2304 460 2370 factus
482 2309 636 2388 tempore,
658 2309 750 2389 rapta
771 2327 868 2370 soror.

89 2376 177 2470 Filia,
199 2391 238 2452 tu
260 2388 421 2472 specimen
444 2409 594 2452 censurae
615 2392 692 2452 nata
711 2392 873 2473 paternae,

127 2467 193 2536 Fac
212 2475 322 2536 teneas
343 2494 443 2536 unum
464 2493 524 2536 nos
545 2472 669 2536 imitata
690 2473 801 2538 virum.
896 2548 899 2553 ¹

88 2547 129 2614 Et
150 2557 232 2620 serie
253 2555 363 2620 fulcite
385 2577 502 2641 genus:
525 2555 604 2620 mihi
627 2557 740 2640 cymba
761 2556 880 2622 volenti

128 2635 268 2704 Solvitur
289 2641 427 2704 aucturis
449 2644 499 2705 tot
519 2663 590 2706 mea
611 2641 679 2705 iata
700 2643 788 2706 meis.
1014 2655 1047 2706 70

87 2714 173 2787 Haec
196 2727 247 2788 est
259 2724 390 2788 feminei
412 2746 531 2789 merces
554 2729 695 2790 externa
715 2726 878 2810 triumphi,

126 2803 252 2872 Laudat
272 2807 328 2872 ubi
350 2809 516 2872 emeritum
538 2809 639 2872 libera
660 2810 747 2873 fama
768 2831 892 2895 rogum.

86 2884 179 2954 Nune
201 2891 264 2956 tibi
286 2889 471 2956 commendo
495 2893 676 2956 eommunia
694 2893 838 2977 pignora
851 2897 961 2958 natos:

125 2973 216 3040 Haec
238 2997 313 3040 eura
335 2980 367 3040 et
390 2976 488 3042 cineri
512 2977 612 3060 spirat
633 2977 741 3040 inusta
762 2998 843 3042 meo.

85 3053 233 3144 Fungere
253 3060 405 3124 maternis
427 3060 559 3143 vicibus,
583 3062 687 3144 pater:
709 3060 765 3123 illa
786 3082 929 3125 meorum
1015 3075 1046 3124 75

128 3143 241 3208 Omnis
266 3145 327 3208 erit
350 3144 431 3208 collo
453 3145 547 3209 turba
568 3144 705 3208 fovenda
725 3147 791 3210 tu0.

86 3224 204 3292 Oscula
226 3248 298 3294 cum
321 3227 443 3292 dederis
465 3232 521 3292 tua
541 3228 702 3313 flentibus,
725 3229 812 3294 adice
834 3229 962 3294 matris:

126 3309 211 3376 Tota
233 3311 345 3376 domus
368 3312 474 3396 coepit
493 3333 579 3376 nunc
602 3333 683 3377 onus
705 3334 773 3377 esse
794 3317 894 3378 tuum.

84 3390 128 3459 nt
150 3395 256 3480 siquid
278 3395 435 3462 doliturus
458 3398 529 3481 eris,
552 3397 621 3460 sine
643 3397 778 3462 testibus
800 3397 879 3462 illis!

127 3479 210 3546 Oura
232 3481 371 3566 venient,
394 3479 487 3546 siccis
510 3481 619 3548 oscula
639 3479 716 3546 falle
738 3481 844 3568 genis!
1014 3495 1049 3546 su
