2632 4140
149 243 235 312 xm]
542 241 649 300 omna
669 241 718 296 m.

195 399 362 487 Suscipere
384 405 416 467 ab
437 401 555 468 Veneri
575 424 695 486 ponere
716 405 791 468 vola
814 403 916 468 iuvat:

20 484 28 553 ἑ
149 488 307 572 Incipiam
330 490 457 571 capiare
478 487 561 551 feras
584 489 616 550 ab
636 486 766 554 reddere
787 487 866 571 pinu

17 640 21 663 Ι
195 571 323 638 Cornua
345 575 377 636 el
398 571 531 635 audaces
553 570 621 654 ipse
642 591 771 637 monere
793 592 901 656 canes3
1075 585 1108 634 ao

15 721 16 738 p
150 655 228 722 Non
248 659 357 720 ’caman
377 657 414 718 ub
434 657 540 719 vastos
562 656 663 719 ausim
684 657 840 753 temptare
861 655 969 720 leones

195 741 261 804 Aub
283 739 365 804 celer
386 742 527 836 agrestes
549 740 726 804 comminus
748 760 794 803 rre
817 760 898 803 sues.

151 822 241 888 Haec
262 824 361 908 igitur
381 822 461 887 mihi
483 823 525 887 sib
546 823 670 906 lepores
693 823 822 888 audacia
842 823 956 887 molles

193 907 349 991 Excipere
371 910 404 972 et
425 907 536 972 stricto
558 907 655 991 figere
676 929 765 972 avem
788 907 924 988 calama,

150 991 221 1067 Qua
241 990 382 1056 formosa
404 1013 461 1056 suo
484 990 663 1065 Clitumnus
684 991 816 1056 flumina
836 992 907 1056 luco
1074 1006 1105 1054 25

193 1073 316 1160 Integit
337 1077 369 1139 ab
389 1076 499 1148 niveos
521 1074 622 1140 abluit
642 1076 727 1139 unda
748 1075 855 1139 bores.

149 1158 200 1222 'Pu
221 1159 368 1242 quotiens
390 1157 511 1243 aliquid
532 1159 702 1241 conabere,
725 1159 805 1242 riba,
827 1161 986 1223 memenbo

192 1241 370 1307 Venturum
390 1244 500 1326 paucis
521 1265 572 1308 me
597 1243 656 1307 sibi
678 1243 841 1308 Luciferis.

150 1325 204 1392 Sic
224 1349 276 1391 me
296 1347 356 1391 nec
378 1328 463 1392 solae
484 1331 635 1411 potarum
656 1329 796 1393 avertere
817 1328 914 1392 silvae

192 1410 261 1475 Nec
282 1433 364 1496 vaga
384 1413 538 1478 muscosis
559 1412 690 1476 fiumina
710 1412 781 1476 lusa
802 1411 901 1508 iugis,
1072 1425 1105 1476 3ο

149 1493 235 1570 Quin
257 1515 316 1580 ego
339 1495 374 1558 in
395 1495 527 1560 adsidua
548 1499 668 1561 mutem
688 1497 743 1560 tua
763 1517 895 1560 nomina
916 1495 1040 1580 lingua,

191 1579 327 1643 Absenti
348 1599 442 1643 nemo
464 1601 505 1644 ne
526 1581 672 1646 nocuisse
693 1580 780 1644 velis.

551 1711 703 1720 ——---

518 1793 606 1866 xm
632 1795 738 1888 [xm.
812 1784 818 1790 ·

1 1889 6 1984 l
140 1915 233 1992 ¹'de
253 1917 310 1981 fles
333 1915 469 1981 abducba
489 1898 616 2014 gravius
638 1914 803 1981 Briseide?
826 1917 901 2065 ‹puid
921 1917 978 1982 fles

191 2001 296 2064 Anxia
318 2001 442 2085 captiva
461 2003 584 2064 tustrus
606 1999 831 2065 Andromacha

148 2083 271 2160 Quidve
292 2106 363 2150 mea
384 2084 423 2149 dc
444 2083 554 2149 fraude
576 2084 666 2167 deos,
689 2085 816 2169 insana,
837 2084 977 2170 fatigas?

190 2167 273 2244 Quid
294 2169 432 2252 quereris
454 2172 597 2234 nostram
618 2168 665 2234 sic
690 2169 841 2234 cecidisse
861 2168 977 2234 fidem?

146 2251 225 2317 Non
246 2256 312 2316 tarn
334 2255 492 2318 nocturna
513 2253 649 2319 volucris
671 2253 798 2319 funesta
819 2254 946 2338 querela
1088 2267 1104 2314 s

189 2335 298 2401 'Attica
320 2335 483 2420 Cecropiis
505 2337 661 2420 obstrepis
682 2337 716 2400 iu
737 2338 839 2420 foliis,

146 2417 216 2484 Nec
236 2422 362 2486 aarum
381 2420 505 2485 Niobae
526 2419 576 2484 bis
599 2442 654 2484 sex
676 2421 715 2484 ad
736 2421 830 2486 buslo
851 2423 1004 2505 superbae

190 2504 335 2568 Sollicito
356 2505 505 2569 lacrimae
527 2504 636 2568 defluit
657 2526 676 2568 a
698 2503 732 2569 Si
754 2505 817 2588 ylo.

146 2585 200 2652 Mo
220 2588 297 2653 licet
317 2591 432 2653 aeratis
454 2589 619 2674 astringan
654 2589 729 2654 brac
756 2589 783 2653 'a
803 2589 911 2673 nodis,

190 2671 262 2736 Sint
282 2694 354 2736 mea
375 2672 425 2736 vel
446 2671 573 2749 Danaes
595 2673 724 2738 condita
744 2674 886 2739 mambra
908 2674 1017 2756 domo,
1073 2689 1103 2738 ιο

145 2753 187 2820 In
207 2759 239 2820 ta
262 2777 322 2842 ego
345 2760 377 2821 et
398 2761 519 2821 aeratas
540 2779 701 2842 rumpam,
723 2781 795 2823 mea
815 2760 895 2841 vita,
918 2762 1061 2842 catenas,

188 2838 351 2905 Ferrabam
372 2839 499 2904 Danaes
520 2843 759 2924 transiliamque
782 2843 920 2907 domum.

143 2921 196 2986 De
216 2927 249 2988 le
270 2926 427 3008 quodcum
449 2946 488 2988 uc
510 2923 550 2988 ad
571 2925 681 2989 surdas
703 2925 782 2989 mihi
804 2926 919 2990 dieitur
941 2949 1046 2992 aures:

188 3007 236 3071 Tu
257 3009 352 3072 modo
373 3030 415 3072 ne
428 2945 547 3072 dubita
568 3007 607 3073 de
628 3009 785 3094 gravimte
806 3031 886 3073 mea.

142 3091 228 3155 Ossa
249 3092 309 3156 tibi
329 3093 400 3157 iuro
421 3113 479 3176 per
500 3094 611 3157 matris
634 3095 666 3158 ab
687 3114 759 3158 ossa
780 3093 922 3176 parentis
1072 3110 1102 3156 15

188 3175 238 3259 (Si
260 3176 351 3258 fallo,
374 3177 454 3241 cinis
476 3176 539 3242 hcu
560 3177 602 3241 sit
622 3176 701 3241 mihi
723 3181 854 3260 uberque
875 3178 1011 3263 gravisl)

139 3259 198 3324 Mc
219 3259 280 3322 tibi
301 3259 341 3324 ad
363 3264 518 3325 exuamus
539 3283 737 3344 mansurum,
759 3261 840 3343 vita,
862 3261 1024 3327 tenebras:

186 3343 309 3409 Ambos
331 3366 396 3409 una
415 3344 494 3409 fides
516 3345 651 3428 auferet,
673 3367 737 3409 una
759 3344 835 3409 dies.

139 3426 238 3503 Quod
260 3428 288 3491 si
307 3450 367 3494 nec
389 3450 507 3493 nomen
526 3450 586 3494 nec
607 3451 658 3494 ma
679 3432 735 3494 tua
755 3429 859 3494 forma
879 3435 1017 3512 teneret,

186 3511 300 3578 Posset
322 3513 485 3578 servitium
506 3513 583 3578 mite
604 3517 712 3580 tenere
733 3517 832 3578 tuum.
1069 3527 1102 3574 ao
