2666 4138
5 255 10 332 l

5 179 6 202 ‘
119 214 187 288 111]
538 211 716 286 111111,

119 377 246 460 Bisque
269 374 320 438 die
342 373 610 439 11111111111111
632 374 692 438 tibi
714 374 817 456 disere
839 375 949 440 laudes

167 459 237 524 lnsi
284 459 313 522 is
334 459 430 522 turba
452 458 566 522 debeat
585 459 620 522 in
640 457 765 524 Pharia.

120 545 172 610 At
192 544 235 607 m'
263 543 270 556 '
295 543 464 626 contingat
482 542 602 626 patrios
625 540 783 607 celebrare
805 541 941 607 Penates

165 627 373 710 Reddereque
396 626 526 709 antiquo
547 629 710 690 menstrua
730 630 803 692 tura
823 627 906 691 Lari.

121 713 230 789 Quam
251 711 332 775 bene
356 709 492 774 Saturno
514 710 664 774 vivebant
684 731 774 796 rege,
796 713 981 795 priusquam
1057 723 1090 774 15

167 795 277 859 Tellus
299 793 334 857 11
355 793 469 877 longas
491 796 540 858 est
559 793 720 878 patefacta
741 795 823 860 viasl

121 877 281 946 Nondum
304 877 462 941 caeruleas
483 877 579 960 pinus
601 881 836 962 contempserat
856 879 972 962 undas,

168 962 317 1028 Effusum
338 961 442 1026 ventis
464 961 713 1045 praebueratque
736 963 855 1045 sinum,

122 1047 198 1113 Nee
217 1067 320 1130 vagus
342 1045 462 1129 ignatis
483 1048 630 1130 repetens
652 1045 829 1129 conpendia
848 1047 941 1110 terris

171 1131 337 1194 Presserat
362 1131 492 1194 externa
512 1129 622 1194 navita
642 1149 746 1194 meree
766 1130 876 1194 ratem.
903 1161 905 1170 2
1056 1141 1090 1194 4⁰

121 1215 189 1280 Illo
211 1234 279 1278 non
299 1212 423 1278 validus
446 1213 543 1277 subiit
563 1213 638 1298 iuga
659 1215 802 1297 tempore
823 1217 946 1297 taurus,

168 1297 247 1363 Non
269 1296 389 1362 domitu
410 1296 519 1362 frenos
542 1317 596 1361 ore
617 1297 789 1362 momordit
811 1319 924 1382 equus,

121 1383 157 1448 N
161 1403 205 1446 on
227 1381 339 1445 domus
361 1380 427 1444 ulla
448 1381 537 1444 fores
549 1380 676 1464 habuit,
698 1401 765 1446 non
779 1381 860 1446 fixus
875 1383 909 1446 in
924 1382 1025 1468 agris,

138 1509 142 1513 -
171 1465 234 1541 Qui
255 1485 290 1530 re
315 1467 382 1529 eret
403 1465 497 1530 111111
517 1464 634 1528 finibus
656 1486 745 1548 arva,
768 1466 859 1549 lapis.

124 1549 223 1635 Ipsae
244 1487 341 1613 melle
362 1548 482 1612 dabant
503 1569 650 1632 quereus,
672 1550 818 1633 ultroque
840 1551 985 1614 ferebant
1057 1561 1093 1612 15

168 1633 274 1698 Obvia
296 1633 414 1698 securis
435 1633 534 1697 ubera
554 1633 647 1696 laetis
669 1654 753 1698 oves.

122 1717 202 1784 Non
225 1719 323 1800 aeies,
345 1737 412 1781 non
433 1716 481 1780 111
501 1717 578 1799 fuit,
600 1737 668 1780 non
689 1717 787 1800 bella,
812 1739 872 1782 nee
895 1737 1004 1782 ensem

167 1801 281 1866 Inmiti
302 1821 415 1865 saevus
438 1800 572 1865 duxerat
592 1803 660 1864 arte
680 1801 778 1864 faber.

123 1886 223 1952 Nune
237 1884 314 1950 Iove
337 1883 395 1948 sub
417 1884 546 1949 domino
569 1884 681 1949 caedes
696 1888 729 1948 et
742 1884 873 1948 vulnera
888 1904 1025 1968 semper,

167 1975 260 2034 Nune
281 1989 382 2052 mare,
404 1989 491 2033 nune
512 1969 569 2032 leti
590 1969 691 2032 multa
711 1971 837 2052 reperta
857 1968 948 2032 viest.
1055 1981 1090 2030 50

122 2054 242 2136 Pares,
264 2055 364 2149 pater.
403 2053 550 2117 timidum
571 2073 639 2117 non
659 2073 711 2116 me
731 2052 870 2137 periuria
890 2055 1026 2137 terrent,

166 2137 245 2202 Non
266 2136 352 2202 drete
371 2135 407 2200 in
428 2140 556 2202 sanatos
578 2137 666 2221 inpia
687 2137 783 2202 verba
805 2136 890 2202 deos.

472 2219 490 2263 ,Ὀ
718 2221 736 2261 11

596 2267 613 2308 s

123 2305 220 2384 Quod
241 2305 270 2370 si
291 2305 404 2370 fatales
426 2306 491 2377 iam
511 2327 597 2370 nune
619 2305 812 2389 explevimus
834 2326 954 2389 annos,

167 2389 232 2454 Fae
253 2390 335 2473 lapis
357 2389 519 2474 inscriptis
542 2392 605 2454 stet
626 2411 721 2473 super
742 2411 815 2454 ossa
835 2389 937 2453 notis:

123 2473 207 2539 ‘Hie
228 2474 312 2538 11111
332 2473 439 2537 inmiti
460 2475 666 2558 consumptus
688 2475 790 2537 111111
808 2471 971 2558 Tibullus,
1056 2483 1089 2534 15

170 2556 355 2622 Messallam
375 2560 461 2621 terra
482 2557 558 2622 dum
580 2557 783 2642 sequiturque
804 2557 905 2621 mari’

125 2641 193 2708 Sed
214 2663 281 2724 me,
305 2641 389 2725 quod
410 2641 514 2706 facilis
534 2644 645 2706 tenero
667 2664 737 2706 sum
760 2663 884 2725 semper
904 2640 1032 2723 Amori,

169 2725 247 2808 Ipsa
267 2723 377 2789 Venus
400 2746 529 2809 campos
551 2725 645 2790 ducet
664 2725 699 2789 in
720 2725 857 2808 Elysios.

123 2809 190 2875 Hie
205 2809 337 2873 choreae
354 2811 526 2892 cantusque
541 2809 666 2894 vigent,
686 2809 865 2892 passimque
880 2811 1034 2894 vagantes

166 2892 270 2958 Dulce
292 2895 410 2956 sonant
430 2893 518 2956 tenui
540 2895 669 2978 gutture
692 2909 819 2956 carmen
840 2913 928 2974 aves,
1056 2903 1090 2952 so

122 2977 203 3044 Fert
225 2977 343 3056 1111111
364 2997 432 3041 non
453 2977 538 3042 culta
559 2998 666 3062 seges,
687 2978 836 3060 totosque
857 2997 914 3059 per
936 2995 1029 3059 agros

167 3061 279 3125 Floret
300 3059 440 3124 odoratis
461 3063 548 3125 terra
568 3061 709 3146 benigna
729 3061 825 3124 rosis:

123 3147 173 3212 At
195 3144 344 3210 iuvenum
366 3145 463 3209 series
484 3145 603 3209 teneris
625 3145 760 3208 inmixta
780 3141 894 3226 puellis

166 3227 279 3312 Ludit,
302 3231 334 3292 et
355 3228 485 3296 adsidue
507 3229 628 3312 proelia
649 3228 763 3291 miscet
783 3225 894 3288 Amor.

122 3309 199 3378 [llic
222 3316 284 3395 est,
306 3311 491 3397 euieumque
512 3333 612 3396 rapax
632 3331 718 3374 mors
740 3309 828 3374 venit
849 3309 983 3394 amanti,
1057 3321 1089 3372 65

167 3394 215 3459 Et
259 3397 319 3460 erit
339 3396 460 3482 insigni
481 3410 514 3460 m
586 3397 712 3459 111111
733 3415 833 3460 soma.

122 3480 170 3546 At
194 3415 347 3545 scelerata
367 3480 450 3546 11111
471 3503 486 3546 1
527 3501 560 3546 11
582 3479 617 3544 in
630 3481 733 3544 'noete
754 3479 912 3564 profunda
