2628 4116
70 148 73 157 '
102 179 190 250 mm]
501 181 616 238 amru
1003 177 1046 243 39

102 341 267 426 Pepulitque
288 343 395 408 noetis
416 343 544 408 umbras
567 345 688 429 vegetis
711 343 931 430 sonipedibus,

102 426 141 489 lbi
160 425 288 492 Somnus
310 428 448 492 excitam
468 428 563 492 Attin
583 428 619 492 fu
647 428 712 492 'ens
735 429 816 494 eitus
838 428 932 496 abiit:

102 509 271 594 Mepidmte
294 533 368 576 eum
389 511 510 596 recepit
531 511 590 576 des
637 511 760 577 asithea
780 513 862 578 sinu.

101 592 141 657 lta
159 593 194 660 de
214 595 317 680 quiete
338 595 430 660 molli
452 595 563 679 rapida
584 596 653 660 sine
674 597 761 661 rabie

102 677 186 742 Simul
204 679 272 762 ipsa
286 682 423 764 'pectore
443 679 531 743 Attis
553 701 609 744 sua
630 680 715 746 faeta
735 681 883 764 recoluit,
1011 693 1045 744 45

47 754 52 788 Γ
100 761 275 846 liquidaque
295 765 405 828 mente
426 759 507 828 vidit
528 763 596 828 sine
619 765 708 848 queis
729 765 846 848 ubique
868 765 966 848 foret,

100 847 201 910 Animo
222 849 387 912 aestuante
408 868 517 912 rusum
538 846 674 914 reditum
696 848 736 914 ad
756 849 838 914 vada
858 849 975 914 tetulit

100 927 140 992 lbi
158 931 250 996 maria
269 934 362 996 vasta
382 932 488 996 visens
509 932 749 998 lacrimantibus
771 933 886 1016 oeulis,

99 1011 221 1079 Patriam
241 1015 381 1080 allocuta
402 1018 554 1080 maestast
575 1016 620 1080 ita
641 1037 719 1082 voce
740 1017 906 1082 miseriter.

100 1095 207 1162 ‘Patria
227 1119 246 1162 o
267 1100 332 1164 mei
355 1099 504 1183 creatrix,
526 1101 631 1184 patria
653 1121 672 1164 ο
694 1121 765 1164 meu
786 1101 946 1185 genetrix,
1012 1113 1046 1164 uo

98 1179 158 1328 {go
164 1204 262 1331 slim
284 1183 383 1248 miser
403 1184 603 1268 relinquens,
628 1183 774 1250 dominos
789 1187 826 1248 ut
840 1185 982 1270 erifugae

121 1287 164 1329 am
227 1268 348 1352 solent,
371 1266 413 1332 ad
433 1267 508 1334 Idae
529 1269 622 1334 tetuli
643 1289 775 1350 nemora
795 1268 923 1352 pedem,

97 1432 133 1498 u
152 1351 961 1520 {tarsunatunuMMMMffi

39 1555 41 1562 ›
97 1516 220 1584 Vbinam
234 1523 292 1584 aut
307 1519 421 1604 quibus
435 1521 515 1584 loeis
529 1523 561 1586 te
576 1522 727 1669 genitam,
749 1523 868 1619 patria,
890 1521 984 1586 reor?
1012 1534 1042 1585 bt

96 1600 181 1751 fingit
199 1605 270 1752 lpsa
292 1603 414 1688 pupula
436 1603 476 1668 ad
496 1607 529 1668 te
550 1605 578 1669 si
601 1605 611 1670 i
634 1605 770 1690 dirigere
792 1627 908 1703 aerem,

122 1709 185 1752 are

96 1769 196 1856 ligone
216 1794 235 1838 a
249 1794 323 1838 mea
336 1775 460 1838 remota
472 1771 551 1837 haee
570 1773 655 1838 ferar
669 1795 704 1838 m
718 1795 850 1838 nemora
865 1773 982 1838 domo?

96 1853 203 1940 Patria,
224 1857 335 1940 bonis,
358 1857 483 1940 amieis,
504 1857 705 1942 genitoribus
728 1855 846 1920 abero?

95 1939 190 2005 Abero
211 1941 299 2023 foro,
321 1941 494 2025 palaestra,
518 1939 622 2004 stadio
644 1944 677 2004 et
697 1940 907 2025 guminasiis‘?
1014 1953 1048 2004 60

96 2023 181 2089 Miser
208 2047 226 2089 a
255 2026 367 2108 miser,
391 2025 617 2110 querendumst
638 2023 851 2122 etiamutque
874 2024 984 2108 etiem,

693 2131 807 2173 emme.

95 2191 176 2268 Quod
186 2195 272 2259 enim
283 2215 386 2279 genus
398 2195 559 2280 figuraest,
572 2215 632 2280 ego
643 2215 710 2259 non
721 2193 806 2278 quod
817 2192 1004 2258 habuerim?

95 2275 157 2361 llgo
171 2279 297 2362 mulier,
311 2299 370 2362 ego
387 2279 582 2362 adolescens,
600 2300 659 2363 ego
676 2277 826 2363 ephebus,
842 2298 902 2363 ego
918 2299 1006 2362 puer,

94 2359 156 2458 Ego
177 2361 338 2460 guminasi
359 2361 502 2446 suillos,
525 2373 585 2448 egb
608 2384 694 2428 eram
716 2363 811 2428 decus
833 2361 910 2426 olei:

94 2443 301 2512 M1hi1anuae
322 2447 519 2531 frequentes,
541 2445 621 2510 mihi
643 2447 755 2511 limina
775 2445 898 2530 tepida,
960 2473 963 2480 ·
1016 2455 1048 2508 sb

94 2526 166 2594 Mihi
186 2531 308 2596 floridis
332 2531 459 2596 corollis
480 2529 628 2596 redimita
650 2531 763 2595 domus
785 2532 867 2612 erat,

94 2611 308 2699 linquendum
328 2614 384 2680 ubi
406 2618 489 2680 esset
511 2619 581 2680 orto
599 2614 683 2680 mihi
705 2615 772 2680 sole
794 2613 984 2679 cubiculum.

93 2695 157 2783 Ego
178 2720 265 2764 nune
280 2697 375 2764 deum
388 2699 535 2764 ministra
550 2701 582 2764 et
596 2698 732 2784 Cybeles
747 2699 866 2764 famula
879 2696 985 2762 ferar?

94 2780 158 2866 Ego
178 2783 328 2866 Maenas,
351 2805 411 2869 ego
433 2783 496 2848 mei
518 2806 608 2868 pars,
631 2805 691 2869 ego
713 2784 762 2848 vir
784 2781 900 2848 sterilis
921 2780 999 2844 ero?

93 2864 158 2951 Ego
179 2867 290 2932 viridis
313 2867 420 2954 algida
440 2867 517 2932 ldae
538 2869 612 2932 nive
634 2868 751 2934 amicta
772 2868 843 2933 lues
865 2864 990 2932 oolam?
1018 2877 1050 2926 m

93 2947 117 3012 M
140 2972 159 3016 0
180 2953 279 3016 vitam
302 2974 395 3037 agam
418 2952 477 3016 sub
498 2953 571 3016 ultis
585 2951 745 3040 Pbrygiae
759 2949 986 3031 columinibus,

92 2973 151 3098 Vbi
172 3057 264 3101 cerva
286 3036 489 3120 silvieultrix,
511 3036 566 3100 ubi
588 3058 663 3120 aper
684 3033 930 3128 nemorivagus?

91 3114 156 3182 lam
177 3123 242 3186 iam
264 3121 352 3184 dolet
373 3121 458 3204 quod
480 3121 551 3206 egi,
569 3121 633 3184 iam
654 3121 780 3204 iamque
801 3119 966 3201 puenrtet.'

91 3201 200 3270 Roseis
221 3208 258 3269 ut
277 3203 353 3269 huie
374 3205 497 3270 labellis
520 3207 643 3269 sonitus
666 3205 749 3267 celer
771 3201 864 3284 abiit,

92 3285 240 3354 Geminas
262 3287 394 3354 deorum
416 3289 459 3354 ad
479 3309 570 3352 aures
592 3307 676 3351 nova
696 3285 810 3362 nuntia
829 3283 985 3367 referens,
1018 3296 1052 3346 ve

90 3368 137 3436 Ibi
158 3375 268 3438 iuncta
289 3373 365 3458 iuga
385 3373 548 3438 resolvens
569 3369 688 3454 Cybele
710 3369 854 3435 leonibus

89 3453 287 3544 Laevumque
308 3459 433 3543 peeoris
456 3455 582 3520 hostem
604 3453 771 3520 stimulans
792 3455 838 3520 itu
858 3454 1009 3538 loquitur.

219 1710 274 1753 era
295 1709 407 1752 carens
429 1687 505 1753 dum
525 1689 619 1754 breve
640 1693 766 1788 tempus
789 1712 913 1754 animus
936 1691 993 1754 est.
