2666 4138
250 236 274 284 x
635 217 847 316 1111111110.

249 390 414 452 atramento
426 389 486 448 sint
495 387 599 460 factae,
613 388 773 446 occurrunt
785 383 942 462 aliquando
958 384 1032 444 aliae
1047 389 1221 447 atramento

248 477 338 552 longe
362 475 457 550 magis
477 473 565 548 nigro
586 470 638 530 sed
659 469 755 530 isdem
776 471 865 545 plane
880 470 1050 528 litterarum
1065 471 1217 545 (1111111111,

249 563 284 618 ut
297 575 438 636 agnoscas
457 557 608 616 hominem
627 553 774 612 imitando
788 572 861 628 quas
875 554 970 614 rellet
984 573 1090 614 manus
1105 557 1217 614 exerci-

249 646 355 702 tatum.
384 642 483 700 Minus
503 637 636 698 notabile
656 637 775 698 videtur
794 637 871 696 iilud
890 637 970 713 quod
989 638 1001 695 i
1020 639 1139 698 litterae
1162 640 1217 698 ali·

250 725 377 802 quando,
396 743 465 784 cum
485 723 636 800 geminata
656 725 711 794 est,
733 721 771 780 ab
791 721 895 780 eadem
909 741 1000 781 manu
1015 719 1218 798 (1111111111-

249 812 341 870 tiores
355 808 506 884 quasdam,
519 825 593 882 quas
607 808 746 882 expertus
759 807 806 864 est
816 805 915 879 codex,
927 824 989 864 non
1001 803 1084 882 curo)
1097 807 1217 866 additae

249 895 321 956 sunt
340 893 468 952 lineolae
488 892 624 966 obliquae
645 909 735 965 supra
748 889 859 948 lineam
874 889 923 950 vel
937 889 1096 965 aliquando
1112 909 1217 966 quam·

250 996 340 1054 quam
352 975 503 1037 rarissime
517 975 605 1034 infra.

313 1061 369 1120 His
385 1061 521 1120 omnibus
536 1059 671 1118 accurate
685 1057 841 1133 pensitatis
856 1076 918 1116 non
931 1057 1051 1118 ridetm
1064 1059 1217 1134 improba-

250 1145 311 1204 bile
331 1145 474 1220 scriptum
495 1161 559 1202 esse
573 1143 686 1200 librum
700 1141 738 1199 N.
755 1159 830 1200 saec.
845 1141 935 1200 xr'ffl
949 1124 999 1202 ve'l
1012 1143 1113 1218 potius
1127 1141 1183 1201 XV
1199 1164 1218 1202 a

249 1229 382 1301 librario,
399 1228 446 1286 cui
461 1245 546 1286 curae
561 1228 649 1298 esset,
665 1227 700 1284 ut
713 1225 792 1282 hand
806 1243 875 1284 raro
889 1225 1001 1284 facturn
1011 1227 1064 1285 illo
1078 1229 1216 1302 tempore

251 1311 428 1387 antiquioris
442 1311 559 1382 saeculi,
575 1312 610 1368 ut
624 1311 697 1384 puta
710 1309 762 1382 XI,
778 1309 890 1368 imitari
906 1309 1019 1383 ductus,
1042 1312 1140 1386 etqui
1154 1311 1215 1370 for-

251 1403 329 1456 tasse
349 1395 420 1454 libri
439 1393 591 1468 archetypi
605 1393 774 1452 reverentia
787 1393 925 1453 inductus
940 1394 1119 1454 vetustiores
1133 1395 1216 1454 litte-

250 1499 299 1539 ras
313 1479 491 1538 imitaretur.
520 1477 605 1536 Hanc
625 1476 763 1552 equidem
783 1494 845 1535 non
866 1477 950 1552 quasi
965 1477 1001 1536 de
1015 1478 1134 1553 tripode
1150 1479 1215 1538 foro

251 1563 438 1635 sententiam,
461 1561 513 1622 sed
528 1561 574 1620 aio
589 1579 653 1620 esse
669 1561 877 1634 coniecturam,
894 1579 984 1636 quam
997 1565 1099 1620 tamen
1114 1563 1217 1622 sinon

251 1666 352 1708 veram
377 1648 456 1706 certe
476 1645 555 1704 haud
575 1645 707 1719 ineptam
731 1644 829 1704 risum
852 1645 890 1702 iri
916 1663 1016 1720 spero,
1043 1645 1135 1721 siquis
1161 1648 1215 1706 ali·

251 1731 369 1806 quando
380 1731 491 1790 maiore
502 1749 591 1804 quam
602 1747 657 1787 nos
669 1728 815 1786 librorum
825 1729 934 1802 peritia
944 1729 1106 1788 instructas
1117 1728 1216 1790 denuo

251 1815 426 1874 examinarit
445 1813 583 1874 codicem.
618 1812 733 1886 Nempe
755 1811 895 1870 abhorret
914 1832 931 1870 a
951 1813 1084 1872 moribus
1103 1815 1216 1874 nostris

252 1899 392 1975 ambigua
406 1901 437 1958 et
451 1897 583 1956 difficilia
597 1895 840 1954 adiudicandum
854 1915 1020 1972 proponere
1035 1897 1119 1972 quasi
1134 1901 1217 1957 certa

251 1986 283 2042 et
296 1985 456 2058 comperta.

317 2067 376 2126 Sed
396 2069 429 2126 ut
448 2067 545 2124 aetate
565 2064 660 2123 multo
681 2063 722 2123 sit
740 2063 866 2124 inferior
880 2063 984 2124 'codex
1003 2081 1092 2140 quam
1116 2067 1217 2126 visum

250 2150 449 2222 Lachmanno,
462 2148 538 2206 nihil
553 2147 589 2206 de
603 2149 787 2222 praestantia
797 2149 860 2208 eius
871 2149 962 2209 velim
973 2149 1153 2224 detractum
1169 2154 1217 2208 est

251 2236 330 2292 certe
346 2232 478 2292 omnium
488 2232 541 2306 qui
554 2231 615 2290 iam
625 2233 727 2290 extant
737 2233 827 2309 longe
840 2233 985 2308 optimus3
996 2233 1028 2290 id
1039 2234 1118 2308 quod
1128 2235 1216 2294 nobis

251 2317 388 2393 apparuit
399 2315 495 2376 denuo
506 2315 646 2376 instituta
663 2317 831 2375 collatione.
846 2317 946 2392 Atque
960 2317 1036 2377 iliud
1052 2318 1217 2376 maximum

251 2400 439 2460 commodum
457 2400 644 2475 percepimus
666 2419 702 2460 ex
722 2419 757 2460 eo
777 2401 888 2473 labore,
904 2401 1043 2476 quoniam
1057 2420 1214 2477 perpauca,

252 2503 326 2560 qnae
341 2485 493 2544 mentione
503 2485 570 2544 'ulla
584 2487 685 2544 essent
699 2483 798 2561 digna,
814 2485 997 2544 Lachmann
1011 2487 1042 2544 et
1055 2485 1215 2545 Hertzber·

251 2569 294 2646 gii
315 2587 399 2628 ouras
419 2567 597 2628 fefellerant.
626 2565 705 2626 Hinc
725 2569 825 2628 evenit
838 2571 873 2627 111
886 2570 959 2628 locis
975 2571 1021 2628 sat
1034 2569 1147 2643 multis,
1163 2570 1216 2645 qui

251 2653 366 2728 priores
380 2671 442 2712 non
457 2653 647 2712 adverterant
661 2652 788 2725 criticos,
802 2655 854 2711 ant
868 2671 920 2712 suo
936 2653 996 2710 iam
1009 2653 1115 2712 honori
1129 2653 1215 2712 resti·

251 2740 403 2797 tueremus
424 2735 553 2796 sinceras
574 2735 643 2794 libri
657 2735 687 2794 N
701 2737 852 2811 lectiones,
869 2739 921 2794 aut
934 2755 951 2795 1
967 2737 1112 2812 corruptis
1128 2738 1215 2796 elioe-

251 2838 351 2878 remus
365 2837 479 2878 verum.

314 2901 506 2978 Descriptum
528 2922 592 2965 esse
611 2905 722 2964 librum
741 2923 779 2964 ex
796 2905 864 2980 ipso
883 2905 1043 2981 archetypo
1065 2907 1101 2962 ut
1125 2924 1218 2980 supra

251 2987 415 3048 memorari
434 2987 508 3046 mibi
528 2989 649 3064 quidem
668 2989 789 3048 videtur
812 2988 892 3046 haud
916 2989 1122 3064 improbabile.
1158 2989 1218 3048 Hic

252 3075 352 3132 autem
372 3071 454 3132 cuius
475 3073 566 3131 fuerit
585 3073 694 3132 aetafis
706 3072 826 3132 difficile
841 3072 960 3132 ridetur
975 3089 1062 3148 posse
1077 3072 1216 3132 discerni.

253 3156 437 3232 Quamquam
457 3156 549 3234 siquis
570 3175 638 3215 eum
664 3175 743 3218 nono
764 3157 826 3214 fere
848 3157 964 3216 saeculo
986 3158 1130 3232 scriptum
1151 3175 1217 3216 esse

251 3240 438 3314 existimarit,
454 3259 512 3315 quo
523 3243 657 3316 tempore
665 3239 765 3300 Caroli
776 3240 878 3316 Magni
888 3241 1000 3300 uirtute
1015 3241 1220 3318 redintegrata

251 3325 322 3382 sunt
341 3324 440 3384 studia
460 3325 649 3400 antiquarum
668 3325 851 3399 litterarum,
874 3325 1011 3400 equidem
1035 3343 1097 3384 non
1122 3325 1219 3385 habeo
1261 3319 1267 3326 “

251 3423 304 3464 cur
329 3407 481 3480 obloquor.
524 3407 698 3468 Notandum
726 3410 931 3468 membranam
954 3410 1039 3467 illam
1061 3409 1094 3466 in
1120 3410 1221 3484 prima

250 3489 350 3552 fronte
371 3490 499 3550 caruisse
522 3493 603 3551 omni
623 3493 816 3568 inscriptione
837 3493 934 3570 operis
954 3492 1156 3569 Propertiani‚
1179 3513 1223 3555 ne
