2630 4110
404 800 747 888 PRAEFATIO

326 987 531 1052 elevem
559 989 825 1058 onnurnvu.

524 1155 628 1169 ί-ῌο

152 1275 270 1336 Catulli
292 1275 403 1334 Tibulli
424 1275 574 1351 Propertii
588 1278 752 1336 carminum
766 1277 910 1338 editiones
928 1281 961 1337 nt
973 1299 1056 1355 pere·

88 1361 161 1420 biles
183 1361 315 1419 maxime
337 1363 367 1418 et
393 1359 562 1419 commodae
588 1365 648 1421 tres
670 1362 858 1437 potissimum
879 1363 965 1422 hodie
988 1364 1056 1424 doe-

88 1449 188 1504 torum
210 1445 368 1504 hominum
381 1463 438 1503 usu
459 1445 516 1503 teri
539 1445 643 1518 solent,
666 1445 790 1505 Henriei
804 1445 902 1519 Keilii,
925 1449 1056 1524 Augusti

88 1528 276 1601 Rossbachii,
298 1527 435 1587 Meurioii
456 1527 591 1604 Hauptii.
634 1529 675 1588 ut
695 1529 826 1589 Keilium
849 1531 970 1606 quidem
985 1533 1055 1590 olim

89 1615 203 1673 emissis
221 1611 478 1672 observationibus
491 1613 523 1670 in
544 1612 732 1688 Propertium
747 1615 858 1673 eritiois
880 1615 954 1674 bene
970 1617 1055 1674 meri·

90 1701 155 1755 tum
177 1698 217 1756 de
241 1695 331 1756 Sexto
347 1714 448 1755 omnes
469 1699 594 1755 norunt:
617 1698 670 1758 sed
692 1699 771 1756 enim
793 1699 936 1759 haetenus
959 1700 1055 1758 sviro

89 1781 197 1840 eximio
221 1780 381 1839 dissentire
403 1798 508 1856 oogor,
531 1781 610 1856 quod
631 1781 682 1839 ille
703 1782 844 1856 pleraque
870 1784 903 1840 in
924 1784 1056 1842 eiusdem

90 1867 193 1940 poetee
216 1863 303 1923 libris
326 1881 403 1922 anno
420 1863 604 1924 moestius
620 1882 688 1922 oum
703 1867 843 1938 corrupte
857 1883 920 1924 esse
934 1865 1057 1924 heberet

90 1967 266 2024 persuasum
291 1948 460 2024 relinquere
488 1949 601 2006 intecta
629 1966 719 2023 quem
747 1949 923 2008 eonieeturis
950 1949 1079 2008 immu·

89 2037 153 2094 tere
174 2029 293 2104 maluit,
315 2049 369 2091 nos
389 2051 444 2107 pro
465 2034 585 2091 nostrae
606 2032 786 2091 recensionis
807 2034 972 2093 rationibus
988 2053 1055 2094 eon-

91 2119 220 2192 trariam'
246 2115 349 2192 potius
370 2117 450 2175 viem
476 2115 594 2192 ingredi
622 2135 637 2174 e
659 2135 691 2176 re
718 2135 781 2189 esse
804 2117 992 2178 credidimus.
1014 2150 1056 2161 -

90 2201 133 2260 De
153 2199 331 2260 Rossbeehfi
351 2201 429 2259 euris
450 2200 522 2275 quid
545 2201 687 2273 statuum,
712 2201 819 2275 quibus
835 2201 941 2277 eupido
961 2205 1054 2262 inees-

90 2287 163 2344 serit
177 2284 377 2360 cognoscendi
387 2283 474 2343 feoile
485 2287 627 2358 poterunt
638 2284 864 2360 deprehendero.
890 2285 1056 2362 Hauptium

90 2369 165 2442 illis,
196 2369 234 2426 de
264 2368 372 2442 quibus
400 2369 513 2444 egitur,
542 2369 640 2443 poetis
663 2386 783 2444 opernm
803 2387 928 2431 novasse
950 2371 1056 2430 utilem

90 2453 121 2512 ot
145 2452 332 2512 luoulentam
353 2455 469 2511 oonstet
494 2453 573 2512 inter
599 2471 710 2512 omnes.
753 2452 798 2512 Ae
824 2456 925 2512 temon
952 2455 1054 2514 multis

90 2537 122 2596 in
148 2537 225 2596 loeis
253 2535 486 2596 dissentiendum
514 2536 587 2594 mihi
616 2537 676 2597 fuit
696 2535 733 2595 eb
756 2555 805 2610 ee,
834 2538 944 2613 quippe
967 2557 1056 2614 quem

90 2623 186 2680 nimie
211 2639 280 2680 oum
311 2620 455 2696 religione
489 2619 671 2680 Lachmanni
704 2620 853 2696 exemplar
885 2622 1055 2683 observasse

91 2706 301 2765 existimarem.
783 2775 784 2779 ἵ

154 2789 241 2858 Quod
263 2808 330 2848 eum
347 2791 394 2848 ite
415 2789 468 2862 sit,
496 2789 584 2848 huius
606 2789 795 2864 potissimum
816 2789 874 2848 viri
897 2809 972 2866 quae
993 2791 1055 2851 fue·

91 2874 153 2932 rint
173 2873 304 2932 rationes
325 2874 465 2949 qnodque
491 2873 648 2932 eonsilium
668 2873 789 2934 edendis
812 2871 921 2932 Catulli
943 2874 1055 2935 Tibulli

91 2957 241 3034 Propertii
262 2957 347 3016 libris
370 2977 437 3016 eum
459 2975 529 3016 eure
550 2957 606 3016 erit
627 2951 886 3032 perserutandum.

154 3041 261 3117 Itaque
272 3042 402 3116 primum
413 3042 545 3100 omnium
560 3041 633 3101 setis
648 3044 773 3116 oonstnt,
790 3041 934 3118 etsifngit
944 3043 1051 3117 pleros·

92 3144 163 3200 qne,
178 3124 266 3202 longe
281 3125 353 3184 alies
368 3125 460 3200 fuisse
474 3124 803 3198 rationeeLeehmanni‚
819 3124 1055 3186 enocccxvl

91 3228 161 3268 enm
188 3209 336 3285 Propertii
362 3210 455 3269 libros
484 3210 597 3282 ederet,
630 3213 660 3268 et
688 3219 755 3268 euni
775 3207 1055 3271 MDOOOXXVIIII

90 3293 180 3352 huius
206 3294 319 3370 pariter
345 3297 375 3353 et
395 3291 509 3353 *catulli
537 3293 707 3368 Tibullique
735 3295 867 3352 oermine
896 3297 1053 3355 emitteret.

90 3377 205 3452 Nempe
231 3381 297 3437 tum
317 3397 385 3437 eum
411 3379 540 3453 primum
561 3377 714 3436 eeeederet
743 3378 780 3436 nd
807 3379 939 3439 oritioem
961 3383 1054 3439 ortem
1131 3400 1133 3404 ’

91 3461 294 3536 exercendem,
318 3461 427 3538 duplex
442 3463 568 3540 agitavit
587 3461 752 3538 eonsilium,
776 3465 805 3522 et
820 3463 988 3538 depellendi
1009 3467 1056 3522 tot
