2666 4138
113 175 192 246 un]
520 173 670 232 ansas
837 143 849 158 ⁹
1044 175 1084 240 15

158 335 285 402 Possim
309 355 385 421 ego,
407 333 485 418 quin
506 337 615 400 oeulos
637 339 766 421 appetat
787 337 843 402 illa
863 360 967 424 meos,
1050 351 1083 402 το

116 422 163 486 Et
186 420 291 504 siquid
312 440 461 503 peccasse
481 423 590 504 puter,
613 420 771 505 ducarque
792 423 916 507 capillis
957 475 959 478 v

160 503 316 568 Inmerito
338 523 458 588 pronas
479 504 698 590 proripiarque
719 507 798 572 viae.

115 590 196 656 Non
217 609 276 673 ego
299 590 331 651 te
352 587 480 671 pulsare
501 588 611 671 velim,
634 588 704 672 sed,
727 591 850 654 venerit
870 591 931 656 iste

161 673 197 738 Si
218 673 321 755 furor,
344 671 482 754 optarim
503 692 570 736 non
590 671 739 738 habuisse
760 696 889 739 manus:

19 815 20 820 ,
115 757 189 824 Nec
211 776 306 820 saevo
330 756 373 820 sis
395 758 484 820 casta
504 758 607 840 metu,
630 757 686 821 sed
707 761 813 822 mente
834 758 935 844 fideli;
1049 771 1082 820 75

161 840 292 906 Mutuus
315 839 440 904 absenti
460 843 492 904 te
513 838 593 904 mihi
614 844 718 904 servet
739 863 836 906 amor.

117 927 179 1006 Aa,
202 945 282 1008 quae
303 923 367 986 fida
388 923 450 986 fuit
470 924 566 1006 nulli,
588 927 663 1007 post
683 925 768 989 victa
789 929 916 990 senecta

160 1007 260 1072 Ducit
279 1008 374 1090 inops
395 1008 531 1071 tremula
552 1007 689 1072 stamina
708 1011 793 1072 torta
814 1030 911 1074 manu

117 1093 289 1176 Firmaque
311 1090 476 1156 conductis
498 1091 639 1155 adnectit
659 1091 734 1156 licia
753 1093 826 1156 telis
896 1129 898 1137 2

161 1175 339 1258 Tractaque
362 1173 400 1239 de
421 1175 515 1239 niveo
539 1175 653 1239 vellere
675 1175 769 1240 dente
792 1179 893 1260 putat.
1048 1190 1082 1240 80

117 1261 214 1324 Hane
229 1260 337 1324 animo
351 1259 511 1344 gaudente
524 1259 634 1322 vident
647 1259 858 1344 iuvenumque
874 1263 1018 1326 catervae
1092 1261 1094 1264 ’

162 1343 411 1410 Conmemorant
432 1343 545 1406 merito
567 1345 618 1406 tot
637 1344 723 1408 mala
743 1345 826 1409 ferre
848 1365 975 1428 senem,-

115 1429 213 1494 Hanc
234 1426 344 1494 Venus
366 1449 405 1490 ex
427 1427 492 1490 alto
514 1427 644 1491 flentem
665 1428 810 1493 sublimis
832 1427 970 1513 Olympo
1065 1453 1070 1462 ·

19 1525 21 1540 ¹
161 1511 292 1595 Spectat
314 1513 346 1574 et
366 1510 474 1574 infidis
496 1531 591 1594 quam
612 1511 655 1576 sit
676 1513 790 1577 acerba
810 1515 929 1578 monet.

115 1596 207 1661 Haec
231 1594 301 1658 aliis
323 1594 492 1659 maledieta
513 1595 641 1659 cadant:
664 1617 740 1679 nos,
763 1595 871 1680 Delia,
894 1596 1011 1661 amoris
1047 1608 1081 1658 85
1147 1675 1148 1679 Ἰ

160 1679 353 1763 Exemplum
374 1699 455 1744 cana
476 1677 574 1742 simus
595 1681 727 1762 uterque
749 1696 848 1744 coma.

560 1892 639 1967 VII.

114 2017 213 2083 Hunc
236 2017 377 2082 cecinere
400 2015 484 2080 diem
505 2015 623 2080 Parcae
645 2015 755 2080 fatalia
774 2018 887 2080 nentes

161 2101 322 2183 Stamina,
344 2121 411 2164 non
431 2097 490 2164 ulli
512 2099 715 2164 dissoluenda
736 2101 809 2187 deo3

115 2185 214 2250 Hunc
236 2185 321 2267 fore,
345 2183 523 2266 Aquitanas
544 2187 654 2268 posset
674 2185 729 2269 qui
750 2185 882 2249 firndere
904 2186 1031 2270 gentes,

160 2268 263 2344 Quem
284 2270 435 2332 tremeret
454 2267 531 2332 forti
554 2269 656 2332 milite
678 2269 780 2332 victus
802 2269 894 2332 Atur.

115 2353 280 2419 Euenore:
302 2373 403 2416 novos
425 2351 525 2435 pubes
547 2351 693 2417 Romana
713 2351 891 2435 triumphos
1064 2365 1081 2412 5

160 2435 254 2502 Vidit
275 2438 308 2500 et
328 2436 472 2500 evinctos
493 2435 624 2500 brachia
645 2439 738 2520 capta
758 2436 867 2500 duces:

114 2523 163 2586 At
186 2523 219 2584 te
240 2520 387 2584 victrices
408 2520 530 2602 lauros,
552 2518 716 2604 Messalla,
738 2523 902 2605 gerentem

159 2604 315 2669 Portabat
335 2603 437 2668 niveis
459 2625 569 2668 currus
591 2604 729 2669 eburnus
750 2605 849 2688 equis,

68 2727 75 2741 ·
114 2689 149 2754 N
150 2710 198 2753 on
212 2689 280 2752 sine
294 2691 377 2753 mest
390 2687 451 2751 tibi
465 2691 574 2771 partus
589 2687 707 2753 honos:
729 2689 876 2752 Tarbella
889 2687 1013 2772 Pyrene

159 2771 266 2836 Testis
289 2775 322 2836 et
343 2771 462 2836 Oceani
483 2771 579 2836 litora
600 2772 797 2856 Sanctonioi,
1050 2785 1081 2834 10

113 2855 223 2921 Testis
235 2857 319 2920 Arar
328 2855 564 2939 Rhodanusque
573 2856 658 2920 'celer
668 2877 865 2941 magnusque
877 2854 1038 2939 Garunna,

160 2939 297 3006 Oarnuti
319 2943 352 3004 et
371 2940 446 3004 flavi
468 2939 593 3004 caerula
614 2939 746 3024 lympha
766 2939 872 3025 Liger.

19 3101 21 3106 ,
112 3025 173 3089 An
195 3027 242 3106 te,
266 3023 390 3107 Cydne,
413 3045 538 3106 canam,
561 3023 667 3088 tacitis
689 3025 742 3108 qui
764 3024 877 3088 leniter
897 3022 992 3084 undis

19 3111 20 3120 ’
160 3106 332 3173 Caeruleus
354 3107 488 3192 placidis
509 3129 574 3192 per
587 3107 668 3172 vada
689 3108 789 3192 serpis
811 3105 917 3189 aquis,

111 3192 264 3268 Quantus
286 3195 319 3255 et
340 3191 480 3256 aetherio
503 3191 693 3275 contingens
714 3191 832 3254 vertice
853 3187 954 3252 nubes
1050 3201 1080 3250 15

158 3275 311 3359 Frigidus
332 3277 477 3340 intonsos
499 3275 621 3338 Taurus
644 3275 709 3337 alat
730 3272 867 3338 Cilicas?
1063 3351 1064 3356 ἵ

109 3358 205 3436 Quid
225 3359 376 3442 referam,
397 3363 434 3424 ut
455 3359 567 3424 volitet
581 3357 705 3422 crebras
727 3357 846 3422 intacta
859 3378 917 3442 per
931 3356 1025 3422 urbes

157 3441 248 3507 Alba
269 3441 452 3509 Palaestino
474 3444 585 3509 sancta
607 3441 753 3506 columba
775 3441 868 3529 Sym,
