2598 4136
217 195 304 242 XXIV
589 177 803 235 PRAEFATIO.

217 350 318 409 eadem
335 346 447 408 fabrica
460 346 594 424 prodisse
609 365 667 422 qua
681 345 721 418 II,
735 346 764 417 3,
779 345 817 401 14
830 343 910 402 houd
924 342 1068 404 dissimile
1081 343 1181 406 videa·
1281 385 1282 408 i

216 436 268 493 tur
281 433 354 492 veri.

279 517 320 575 ib.
335 517 376 574 45
391 520 474 575 necat
487 515 649 584 Fontanus,
665 517 741 572 octat
754 512 819 571 cdd.

280 600 336 674 III,
355 602 381 672 1,
399 598 593 670 curiositati,
609 599 655 656 hic
668 617 697 655 v.
804 601 808 610 ‘

280 684 321 742 ib.
338 685 379 742 10
387 699 497 756 pucros
509 681 644 754 Paccius,
658 683 785 754 pumicct
798 699 826 737 r.

191 777 197 787 ·
280 767 321 826 ib.
340 767 377 824 12
392 767 481 837 sudu,
496 765 622 825 sortasse
636 764 719 836 festo.
734 795 777 806 -
790 761 886 822 meunt
900 761 979 837 Itali,
995 768 1081 824 tuum
1094 764 1159 825 cdd.

282 849 343 922 III,
361 851 395 922 3,
413 851 454 910 20
467 849 581 908 invidia
596 854 636 907 cst
649 865 711 906 exo.
728 847 836 923 Scalig.
852 851 884 906 et
897 847 974 920 Par,
990 849 1093 908 inesco
1107 866 1182 924 puae

279 1018 320 1076 ib.
337 1019 377 1077 38
400 1017 480 1076 Ditis
495 1017 573 1088 Iteli,
590 1018 668 1076 dices
681 1013 750 1074 AB.
765 1045 808 1057 -
827 1015 869 1074 ib.
884 1016 923 1074 ab
937 1017 1051 1092 scripsi,
1066 1019 1102 1076 io
1115 1016 1180 1078 cdd.
1283 1037 1284 1042 ¹

217 1102 385 1176 corruptela
398 1101 477 1160 haud
492 1119 561 1160 sene
576 1101 705 1159 insolite.

280 1201 336 1274 III,
352 1203 381 1274 4,
399 1202 417 1258 2
433 1207 559 1260 extrema
573 1199 652 1272 Itali,
667 1201 800 1260 hesterno
813 1219 842 1258 r.

280 1286 321 1344 ib.
339 1287 357 1344 3
372 1302 484 1344 cauum
499 1283 522 1342 6
538 1285 569 1342 et
583 1303 600 1340 e
614 1303 659 1358 pr.
675 1303 714 1342 m.
730 1284 767 1355 A,
784 1272 854 1343 cani
867 1283 902 1345 Β.

279 1368 320 1427 ib.
337 1369 356 1424 4
371 1369 456 1428 uobis
468 1365 603 1440 Guietus,
619 1371 691 1426 cotis
704 1366 805 1426 ABG.

280 1469 321 1528 ib.
339 1469 377 1527 13
398 1472 533 1526 tremores
552 1467 670 1541 scripsi,
692 1469 808 1526 timores
821 1487 866 1538 u,
883 1468 981 1526 minus
995 1469 1093 1539 recto,
1110 1488 1182 1546 quo·

216 1553 298 1612 niam
324 1552 426 1612 statim
447 1550 581 1626 sequitur
606 1549 682 1608 illud
701 1553 898 1624 pertimuisse,
924 1551 1003 1610 unde
1028 1555 1095 1610 orta
1119 1571 1181 1612 cor·
1285 1543 1286 1582 l

216 1637 335 1778 milia
337 1681 377 1777 21
398 1737 515 1780 summo
529 1750 570 1761 -
585 1719 623 1778 ab
645 1715 731 1787 ccc,-
751 1736 863 1778 summo
884 1720 921 1778 ab
943 1717 1013 1779 Octa
1031 1720 1181 1780 Marklan-

218 1801 289 1877 dus,
304 1803 433 1862 videndo
448 1806 548 1862 temen
563 1821 639 1878 quae
654 1802 729 1860 dixit
740 1801 907 1866 Gronovius
922 1801 961 1861 ed
974 1803 1049 1862 illud
1063 1804 1096 1862 in
1107 1805 1181 1863 Her·
1286 1827 1287 1854 1

218 1887 284 1945 cule
298 1887 429 1947 Furente
453 1888 543 1947 Titan
561 1904 678 1946 suonmc
692 1889 832 1960 prospicit
854 1885 940 1957 Octc;
959 1905 1072 1948 summo
1087 1919 1129 1930 -
1144 1889 1182 1949 ct

150 1992 154 1999 ·
218 1976 285 2031 ortu
298 1971 362 2030 cdd.

281 2056 322 2114 ib.
339 2057 378 2114 26
399 2056 517 2114 heromn
536 2072 589 2114 uec
608 2055 674 2113 tulit
692 2055 754 2114 ullu
773 2055 875 2114 domus
892 2053 1107 2130 Lachmannus,
1128 2058 1182 2118 hu·
1287 2117 1288 2134 ,

218 2157 342 2198 masuam
356 2156 408 2198 occ
421 2140 497 2196 videt
510 2139 583 2196 tuuc
597 2155 669 2211 opus
684 2137 749 2194 cdd.
1287 2137 1288 2158 ³

281 2239 323 2297 ib.
340 2240 390 2297 65.
412 2237 499 2296 Hunc
519 2256 648 2310 vorsum,
672 2256 759 2312 quem
774 2238 811 2299 de
826 2240 994 2298 coniectura
1008 2239 1183 2316 supplerunt

219 2323 299 2394 Itali,
316 2341 351 2382 ex
365 2325 450 2398 parte
461 2323 550 2394 recte,
564 2320 739 2382 Cuiacienus
750 2322 827 2380 liber
836 2325 1069 2398 repraesentavit
1079 2326 1179 2406 talem,

220 2406 317 2482 qualis
332 2425 349 2463 a
362 2405 482 2465 Tibullo
496 2406 596 2480 venit3
610 2406 670 2464 nisi
684 2405 765 2480 quod
779 2407 811 2464 in
825 2425 861 2465 eo
875 2407 974 2467 minus
989 2408 1064 2467 bene
1080 2409 1180 2468 scribi·

219 2493 271 2549 tur
284 2491 396 2550 calidos
409 2508 463 2565 pro
477 2485 583 2550 ccrc'os.

284 2575 325 2633 ib.
343 2575 382 2632 66
393 2590 479 2647 posse
493 2572 584 2632 ABc
599 2573 661 2646 Fr,
676 2590 764 2634 succo
779 2571 877 2633 Ouiae.

283 2658 339 2732 III,
357 2659 385 2731 5,
403 2659 421 2716 3
436 2659 575 2731 prosimu
590 2656 755 2733 Scioppius,
770 2661 900 2718 martimo
913 2659 993 2719 libri.

283 2743 325 2801 ib.
342 2745 359 2800 7
375 2743 493 2801 deorum
507 2759 543 2799 ex
556 2761 584 2799 v.
596 2741 696 2816 priore
710 2742 759 2800 vel
773 2743 946 2817 insequente
962 2743 1025 2802 cdd.
1036 2745 1179 2822 plerique,

134 2869 137 2874 -
221 2844 296 2886 corr.
313 2826 391 2884 Itali.

284 2926 324 2986 ib.
343 2928 390 2984 11.
413 2925 449 2985 In
469 2926 530 2986 imo
551 2926 686 3003 margine
700 2927 877 3002 exemplaris
893 2926 969 2987 Scel.
983 2927 1097 3004 legitur
1108 2929 1178 2989 hoc:

221 3027 274 3070 cccc
286 3027 340 3072 uos
354 3013 486 3086 sacrilrpi
496 3011 608 3084 templis
618 3012 799 3070 admovimus
811 3029 893 3085 crpo,·
906 3029 961 3070 nec
971 3013 1181 3088 recte'putssse

221 3093 259 3152 N.
272 3095 429 3154 Heinsium
444 3114 509 3153 eam
525 3094 702 3169 scripturam
715 3095 787 3154 libri
797 3093 896 3153 Cuiec.
916 3098 1040 3171 apparet
1053 3115 1090 3155 ex
1105 3097 1179 3156 Scel.

222 3181 476 3254 castigationibus.

285 3279 341 3351 ΙΙΙ,
355 3281 384 3352 6,
399 3281 415 3335 1
432 3281 516 3338 edera
529 3279 580 3338 Fr.
592 3278 692 3339 ABG.
708 3311 750 3322 —
763 3279 805 3339 ib,
817 3297 904 3356 peras
917 3279 987 3339 Itali
1007 3280 1077 3340 fort.
1091 3284 1179 3358 recte.

222 3445 259 3507 do
285 3363 361 3504 1313
382 3366 485 3435 potera
505 3364 664 3423 predicante
677 3363 891 3442 Wyngerdius,
906 3367 1020 3438 puriter
1037 3367 1179 3426 medem

273 3465 288 3506 c
331 3489 338 3504 .
