2666 4138
89 8 154 60 a„

118 224 186 294 vi]
537 221 645 277 urana
665 223 688 279 1.
1055 218 1094 284 13

120 380 325 466 Nescioquid
346 381 481 446 furtivus
505 403 594 447 amor
614 386 715 468 parui.
751 386 841 448 ubere
863 405 996 469 quaeso,
1062 397 1094 446 75

170 467 257 531 Dum
278 465 369 530 lioeb:
390 467 426 530 in
447 467 566 550 liquida
587 471 645 531 nai
665 468 726 532 tibi
747 468 844 533 linter
866 490 956 554 aqua.

613 591 617 598 .

536 605 688 616 ιιι-.-

582 697 643 773 VI.

8 883 10 902 ‚
121 821 278 906 Semper,
300 821 336 884 ut
357 819 499 902 inducar,
522 820 658 885 blandos
681 822 775 886 offers
796 821 876 886 mihi
898 824 1018 906 voltus,

170 905 251 970 Posi
270 907 380 968 tamen
401 924 434 967 es
456 905 571 970 misero
593 905 695 970 tristis
717 910 750 970 et
771 927 878 990 asper,
901 907 1011 970 Amor.

122 988 214 1064 Quid
234 988 295 1051 tibi
317 987 468 1052 saevitiae
489 989 667 1054 meeumsb?
690 1012 732 1056 an
753 991 857 1074 gloria
878 993 1028 1074 magnast

171 1071 310 1136 Insidias
332 1071 456 1138 homini
479 1073 684 1156 conposuisse
706 1072 822 1137 deum?

8 1207 10 1244 ,
121 1155 199 1220 Iam
221 1155 299 1219 mihi
320 1155 495 1220 tenduntur
516 1178 635 1222 oasses:
661 1158 726 1222 iam
747 1155 840 1221 Delia
861 1157 972 1221 furtim
1076 1166 1094 1218 5

8 1283 10 1318 e
173 1237 206 1305 N
208 1240 388 1323 esoioquem
409 1239 509 1304 tacita
530 1241 646 1306 callida
665 1244 760 1306 noete
782 1241 877 1306 fovet.

8 1353 10 1366 ν
122 1324 191 1389 Illa
212 1323 340 1407 quidem
360 1324 465 1388 iurata
484 1327 597 1409 negat,
620 1324 676 1390 sed
698 1325 825 1396 eredere
847 1325 1008 1389 durumsi:

8 1481 10 1492 ‚
173 1407 226 1473 sie
249 1408 345 1472 eiiam
367 1407 406 1472 de
427 1429 479 1472 me
500 1411 655 1493 pernegat
675 1431 712 1473 us
734 1431 774 1474 ue
795 1409 874 1473 viro.
948 1462 954 1472 .

8 1495 9 1504 ’
123 1491 205 1576 Ipse
225 1491 323 1557 miser
344 1491 452 1574 docui,
476 1513 538 1575 quo
560 1495 678 1576 posset·
690 1431 798 1558 lubere
819 1495 913 1576 paoio

8 1645 10 1664 ,
173 1574 345 1640 Custodes:
366 1574 430 1639 heu
451 1575 514 1640 heu
535 1597 622 1641 nuno
642 1598 771 1662 premor
792 1580 859 1642 arte
880 1599 960 1642 mea.
1063 1588 1095 1637 10

8 1733 9 1738 η
123 1659 268 1744 Fingere
288 1661 366 1723 tuno
388 1658 500 1723 didicit
521 1681 647 1744 causas,
669 1664 705 1724 ui
727 1661 795 1724 sola
817 1661 959 1744 cubaret,

8 1749 10 1816 ζ
173 1742 310 1808 Cardine
331 1746 409 1807 iuno
429 1743 528 1808 taoiio
551 1747 673 1810 vertere
693 1766 788 1828 posse
809 1745 910 1808 fores:
938 1749 941 1756 '

8 1825 10 1880 1
124 1827 221 1892 'Pano
243 1847 335 1892 suoos
355 1825 532 1913 herbasque
554 1828 641 1912 dedi,
665 1829 735 1912 quis
756 1829 838 1892 livor
860 1827 976 1910 abiret,

8 1924 15 1950 ’
173 1910 274 1988 Quem
297 1911 375 1974 facit
396 1911 540 1994 inpresso
562 1915 673 1976 mutua
695 1912 789 1976 dente
811 1910 930 1976 Venus.

124 1996 176 2060 Aa
196 1998 247 2079 tu,
269 1994 393 2059 fallacis
416 1997 555 2060 coniunx
576 1997 702 2060 inoaube
723 1995 865 2080 puellae,
1063 2004 1095 2056 1⁶

173 2079 226 2144 Me
248 2100 373 2163 quoque
396 2084 536 2165 servato,
558 2083 670 2164 peooei
690 2083 728 2144 ut
748 2080 804 2144 illa
824 2078 915 2143 nihil.

125 2163 203 2230 Neu
223 2163 354 2228 iuvenes
377 2163 515 2228 celebret
535 2165 636 2229 mulio
658 2185 818 2248 sermone,
841 2167 968 2248 caveto,

172 2246 261 2313 Neve
284 2246 379 2311 oubei
399 2247 471 2312 laxo
493 2252 604 2332 peetus
627 2252 736 2333 aperta
757 2249 862 2331 sinu,.

126 2331 203 2397 Neu
223 2334 256 2395 be
279 2331 417 2414 decipiat
437 2335 532 2414 nutu,
579 2334 585 2348 ’
613 2333 717 2417 'toque
738 2333 896 2415 liquorem

172 2415 223 2482 Ne
243 2414 352 2480 trahat
373 2419 407 2480 eb
427 2437 555 2480 mensae
599 2420 674 2482 uoai
694 2417 730 2480 in
751 2416 828 2480 orbe
848 2418 953 2480 nobas.
1061 2427 1095 2476 20

126 2499 191 2566 See
214 2521 246 2583 e,
268 2499 356 2564 velub
376 2521 519 2584 gemmas
542 2501 608 2566 eius
631 2502 798 2586 signumve
820 2498 1005 2583 probarem,
1061 2510 1094 2560 25

200 2605 234 2648 er
256 2603 384 2648 eausam
404 2585 537 2648 memini
558 2606 609 2649 me
630 2584 775 2669 tetigisse
796 2605 942 2648 manum:

126 2669 231 2752 Saepe
252 2689 341 2732 mero
363 2687 511 2732 somnum
532 2669 642 2752 peperi
662 2669 736 2752 tibi,
759 2668 883 2751 abipso
905 2666 1053 2732 bibebam

174 2750 287 2828 Sobria
309 2752 474 2835 supposiba
495 2753 609 2836 poeula
630 2753 733 2817 vietor
754 2774 844 2836 aqua.

125 2835 161 2902 N
163 2857 206 2899 on
228 2857 289 2920 ego
310 2838 344 2899 ie
366 2835 445 2900 laesi
466 2836 620 2919 prudens:
642 2837 774 2920 ignosce
796 2836 920 2900 fatenti.

172 2918 271 2984 Iussit
291 2920 407 2984 Amor:
430 2923 543 2984 eontra
564 2919 634 3004 quis
654 2921 738 2984 ferai
759 2941 848 2984 arma
869 2917 969 2983 deos?
1062 2929 1096 2979 30

125 3004 190 3068 Ille
212 3025 272 3088 ego
295 3025 380 3087 sum,
402 3025 461 3068 neo
483 3003 620 3068 maiam
642 3003 843 3101 dicereyera
863 3001 1012 3086 pudebit,

173 3085 322 3152 Iusbabab
341 3090 411 3152 boia
433 3088 484 3152 oui
504 3091 561 3152 ‘aua
581 3090 676 3152 noete
698 3109 796 3152 oams.

126 3170 242 3236 Exibit
263 3193 359 3255 quam
380 3192 489 3255 saepe,
511 3173 603 3255 bime,
626 3193 682 3236 seu
703 3172 805 3235 visere
828 3169 913 3232 diceb
1063 3179 1095 3229 21

147 3334 152 3338 ‚
175 3252 271 3320 Sacra
291 3257 395 3320 bonae
417 3255 559 3320 maribus
579 3276 647 3319 non
669 3251 813 3318 adeunda
836 3251 928 3336 deae,

478 3373 496 3413 ὓ
724 3370 743 3407 *

997 2353 999 2375 Ι
1039 2323 1115 2392 gviij-5
1149 2321 1194 2364 ¹ira
1217 2328 1244 2360 i*

127 3493 178 3556 At
199 3490 280 3573 mihi,
299 3492 327 3556 si
350 3490 458 3578 cedas,
481 3491 574 3568 illam
593 3419 706 3574 sbquar
727 3509 810 3554 unus
832 3488 872 3554 ad
894 3509 978 3556 aras:
