<?xml version="1.0" encoding="UTF-8"?>
<!DOCTYPE html PUBLIC "-//W3C//DTD XHTML 1.0 Transitional//EN"
    "http://www.w3.org/TR/xhtml1/DTD/xhtml1-transitional.dtd">
<html xmlns="http://www.w3.org/1999/xhtml" xml:lang="en" lang="en">
 <head>
  <title>
</title>
<meta http-equiv="Content-Type" content="text/html;charset=utf-8" />
  <meta name='ocr-system' content='tesseract 3.04.00' />
  <meta name='ocr-capabilities' content='ocr_page ocr_carea ocr_par ocr_line ocrx_word'/>
</head>
<body>
  <div class='ocr_page' id='page_1' title='image "./catullitibullip01catugoog_0380.png"; bbox 0 0 2632 4140; ppageno 0'>
   <div class='ocr_carea' id='block_1_1' title="bbox 236 193 827 260">
    <p class='ocr_par' dir='ltr' id='par_1_1' title="bbox 236 193 827 260">
     <span class='ocr_line' id='line_1_1' title="bbox 236 193 827 260; baseline -0.015 0"><span class='ocrx_word' id='word_1_1' title='bbox 236 193 259 260; x_wconf 80' lang='grc'>4</span> <span class='ocrx_word' id='word_1_2' title='bbox 632 195 827 252; x_wconf 74' lang='grc' dir='ltr'>ΡΒΟΡΕΒΤΙΙ</span> 
     </span>
    </p>
   </div>
   <div class='ocr_carea' id='block_1_2' title="bbox 252 356 1304 2274">
    <p class='ocr_par' dir='ltr' id='par_1_2' title="bbox 252 356 1304 2274">
     <span class='ocr_line' id='line_1_2' title="bbox 342 356 1117 444; baseline -0.008 -18"><span class='ocrx_word' id='word_1_3' title='bbox 342 361 438 428; x_wconf 80' lang='lat' dir='ltr'><strong>Nune</strong></span> <span class='ocrx_word' id='word_1_4' title='bbox 459 359 579 424; x_wconf 81' lang='lat' dir='ltr'><strong>furtiva</strong></span> <span class='ocrx_word' id='word_1_5' title='bbox 600 359 685 424; x_wconf 82' lang='lat' dir='ltr'><strong>cavis</strong></span> <span class='ocrx_word' id='word_1_6' title='bbox 706 379 802 444; x_wconf 88' lang='lat' dir='ltr'><strong>poma</strong></span> <span class='ocrx_word' id='word_1_7' title='bbox 824 356 938 422; x_wconf 85' lang='lat' dir='ltr'><strong>dabam</strong></span> <span class='ocrx_word' id='word_1_8' title='bbox 959 357 1117 442; x_wconf 84' lang='lat' dir='ltr'><strong>manibus,</strong></span> 
     </span>
     <span class='ocr_line' id='line_1_3' title="bbox 252 441 1090 530; baseline -0.006 -21"><span class='ocrx_word' id='word_1_9' title='bbox 252 458 286 509; x_wconf 73' lang='lat' dir='ltr'><strong>rt</strong></span> <span class='ocrx_word' id='word_1_10' title='bbox 300 445 478 530; x_wconf 77' lang='lat' dir='ltr'><strong>Omniaque</strong></span> <span class='ocrx_word' id='word_1_11' title='bbox 499 445 627 528; x_wconf 81' lang='lat' dir='ltr'><strong>ingrato</strong></span> <span class='ocrx_word' id='word_1_12' title='bbox 649 441 791 527; x_wconf 84' lang='lat' dir='ltr'><strong>largibar</strong></span> <span class='ocrx_word' id='word_1_13' title='bbox 811 463 945 506; x_wconf 88' lang='lat' dir='ltr'><strong>munera</strong></span> <span class='ocrx_word' id='word_1_14' title='bbox 966 462 1090 525; x_wconf 88' lang='lat' dir='ltr'><strong>somno,</strong></span> 
     </span>
     <span class='ocr_line' id='line_1_4' title="bbox 343 523 1016 612; baseline -0.006 -19"><span class='ocrx_word' id='word_1_15' title='bbox 343 527 477 593; x_wconf 82' lang='lat' dir='ltr'><strong>Munera</strong></span> <span class='ocrx_word' id='word_1_16' title='bbox 498 527 537 592; x_wconf 88' lang='lat' dir='ltr'><strong>de</strong></span> <span class='ocrx_word' id='word_1_17' title='bbox 558 547 661 612; x_wconf 87' lang='lat' dir='ltr'><strong>prono</strong></span> <span class='ocrx_word' id='word_1_18' title='bbox 684 546 777 612; x_wconf 85' lang='lat' dir='ltr'><strong>saepe</strong></span> <span class='ocrx_word' id='word_1_19' title='bbox 798 527 908 590; x_wconf 83' lang='lat' dir='ltr'><strong>voluta</strong></span> <span class='ocrx_word' id='word_1_20' title='bbox 929 523 1016 610; x_wconf 88' lang='lat' dir='ltr'><strong>sinu;</strong></span> 
     </span>
     <span class='ocr_line' id='line_1_5' title="bbox 300 610 998 698; baseline -0.007 -20"><span class='ocrx_word' id='word_1_21' title='bbox 300 613 346 679; x_wconf 81' lang='lat' dir='ltr'><strong>Et</strong></span> <span class='ocrx_word' id='word_1_22' title='bbox 366 613 513 698; x_wconf 88' lang='lat' dir='ltr'><strong>quotiens</strong></span> <span class='ocrx_word' id='word_1_23' title='bbox 534 631 606 676; x_wconf 85' lang='lat' dir='ltr'><strong>raro</strong></span> <span class='ocrx_word' id='word_1_24' title='bbox 629 610 719 674; x_wconf 83' lang='lat' dir='ltr'><strong>duxti</strong></span> <span class='ocrx_word' id='word_1_25' title='bbox 741 611 878 694; x_wconf 85' lang='lat' dir='ltr'><strong>suspiria</strong></span> <span class='ocrx_word' id='word_1_26' title='bbox 899 612 998 692; x_wconf 89' lang='lat' dir='ltr'><strong>motu,</strong></span> 
     </span>
     <span class='ocr_line' id='line_1_6' title="bbox 345 694 951 780; baseline -0.008 -18"><span class='ocrx_word' id='word_1_27' title='bbox 345 696 504 780; x_wconf 74' lang='lat' dir='ltr'><strong>Obstupui</strong></span> <span class='ocrx_word' id='word_1_28' title='bbox 524 716 607 759; x_wconf 87' lang='lat' dir='ltr'><strong>vano</strong></span> <span class='ocrx_word' id='word_1_29' title='bbox 630 694 776 760; x_wconf 79' lang='lat' dir='ltr'><strong>credulus</strong></span> <span class='ocrx_word' id='word_1_30' title='bbox 798 694 951 778; x_wconf 84' lang='lat' dir='ltr'><strong>auspicio,</strong></span> 
     </span>
     <span class='ocr_line' id='line_1_7' title="bbox 301 777 1103 930; baseline -0.006 -82"><span class='ocrx_word' id='word_1_31' title='bbox 301 781 415 930; x_wconf 55' lang='lat' dir='ltr'><strong>Nidua</strong></span> <span class='ocrx_word' id='word_1_32' title='bbox 435 779 665 877; x_wconf 61' lang='grc'><strong>111111111011101</strong></span> <span class='ocrx_word' id='word_1_33' title='bbox 686 781 852 862; x_wconf 87' lang='lat' dir='ltr'><strong>portarent</strong></span> <span class='ocrx_word' id='word_1_34' title='bbox 872 777 940 842; x_wconf 86' lang='lat' dir='ltr'><strong>visa</strong></span> <span class='ocrx_word' id='word_1_35' title='bbox 960 779 1103 862; x_wconf 87' lang='lat' dir='ltr'><strong>timores,</strong></span> 
     </span>
     <span class='ocr_line' id='line_1_8' title="bbox 253 865 1072 1045; baseline -0.005 -31"><span class='ocrx_word' id='word_1_36' title='bbox 253 880 288 929; x_wconf 71' lang='lat'><strong>⁶⁰</strong></span> <span class='ocrx_word' id='word_1_37' title='bbox 302 865 1072 1045; x_wconf 51' lang='lat' dir='ltr'><strong>„uesursauaauuuuras,</strong></span> 
     </span>
     <span class='ocr_line' id='line_1_9' title="bbox 344 1029 961 1114; baseline -0.003 -18"><span class='ocrx_word' id='word_1_38' title='bbox 344 1032 436 1096; x_wconf 85' lang='lat' dir='ltr'><strong>Luna</strong></span> <span class='ocrx_word' id='word_1_39' title='bbox 456 1035 624 1096; x_wconf 69' lang='lat' dir='ltr'><strong>moratura</strong></span> <span class='ocrx_word' id='word_1_40' title='bbox 646 1029 756 1096; x_wconf 85' lang='lat' dir='ltr'><strong>sedula</strong></span> <span class='ocrx_word' id='word_1_41' title='bbox 776 1029 961 1114; x_wconf 85' lang='lat' dir='ltr'><strong>lum1n1bus,</strong></span> 
     </span>
     <span class='ocr_line' id='line_1_10' title="bbox 303 1114 1080 1201; baseline -0.005 -17"><span class='ocrx_word' id='word_1_42' title='bbox 303 1115 498 1201; x_wconf 81' lang='lat' dir='ltr'><strong>Conpositos</strong></span> <span class='ocrx_word' id='word_1_43' title='bbox 518 1115 642 1181; x_wconf 86' lang='lat' dir='ltr'><strong>levibus</strong></span> <span class='ocrx_word' id='word_1_44' title='bbox 662 1114 760 1180; x_wconf 88' lang='lat' dir='ltr'><strong>radiis</strong></span> <span class='ocrx_word' id='word_1_45' title='bbox 780 1115 932 1199; x_wconf 73' lang='lat' dir='ltr'><strong>patefecit</strong></span> <span class='ocrx_word' id='word_1_46' title='bbox 953 1115 1080 1180; x_wconf 83' lang='lat' dir='ltr'><strong>ocellos.</strong></span> 
     </span>
     <span class='ocr_line' id='line_1_11' title="bbox 345 1199 987 1266; baseline -0.003 -1"><span class='ocrx_word' id='word_1_47' title='bbox 345 1200 398 1266; x_wconf 82' lang='lat' dir='ltr'><strong>Sia</strong></span> <span class='ocrx_word' id='word_1_48' title='bbox 420 1201 466 1264; x_wconf 88' lang='lat' dir='ltr'><strong>ait</strong></span> <span class='ocrx_word' id='word_1_49' title='bbox 486 1201 522 1264; x_wconf 89' lang='lat' dir='ltr'><strong>in</strong></span> <span class='ocrx_word' id='word_1_50' title='bbox 541 1199 632 1264; x_wconf 89' lang='lat' dir='ltr'><strong>molli</strong></span> <span class='ocrx_word' id='word_1_51' title='bbox 651 1199 716 1264; x_wconf 84' lang='lat' dir='ltr'><strong>fixa</strong></span> <span class='ocrx_word' id='word_1_52' title='bbox 735 1199 808 1264; x_wconf 73' lang='lat' dir='ltr'><strong>toro</strong></span> <span class='ocrx_word' id='word_1_53' title='bbox 832 1199 987 1264; x_wconf 77' lang='lat' dir='ltr'><strong>cubitum:</strong></span> 
     </span>
     <span class='ocr_line' id='line_1_12' title="bbox 254 1283 1052 1350; baseline 0.003 -4"><span class='ocrx_word' id='word_1_54' title='bbox 254 1297 287 1347; x_wconf 77' lang='lat' dir='ltr'><strong>at</strong></span> <span class='ocrx_word' id='word_1_55' title='bbox 303 1284 464 1350; x_wconf 73' lang='lat' dir='ltr'><strong>‘Tandem</strong></span> <span class='ocrx_word' id='word_1_56' title='bbox 484 1286 516 1347; x_wconf 91' lang='lat' dir='ltr'><strong>te</strong></span> <span class='ocrx_word' id='word_1_57' title='bbox 538 1287 649 1348; x_wconf 77' lang='lat' dir='ltr'><strong>nostro</strong></span> <span class='ocrx_word' id='word_1_58' title='bbox 670 1283 811 1348; x_wconf 83' lang='lat' dir='ltr'><strong>referens</strong></span> <span class='ocrx_word' id='word_1_59' title='bbox 832 1283 949 1348; x_wconf 89' lang='lat' dir='ltr'><strong>iniuria</strong></span> <span class='ocrx_word' id='word_1_60' title='bbox 970 1283 1052 1348; x_wconf 81' lang='lat' dir='ltr'><strong>leuto</strong></span> 
     </span>
     <span class='ocr_line' id='line_1_13' title="bbox 344 1367 1303 1451; baseline 0.001 -20"><span class='ocrx_word' id='word_1_61' title='bbox 344 1367 488 1432; x_wconf 80' lang='lat' dir='ltr'><strong>Alterius</strong></span> <span class='ocrx_word' id='word_1_62' title='bbox 510 1367 625 1432; x_wconf 80' lang='lat' dir='ltr'><strong>clausis</strong></span> <span class='ocrx_word' id='word_1_63' title='bbox 647 1367 769 1451; x_wconf 84' lang='lat' dir='ltr'><strong>expulit</strong></span> <span class='ocrx_word' id='word_1_64' title='bbox 789 1389 807 1431; x_wconf 86' lang='lat' dir='ltr'><strong>e</strong></span> <span class='ocrx_word' id='word_1_65' title='bbox 827 1367 972 1432; x_wconf 83' lang='lat' dir='ltr'><strong>foribus?</strong></span> <span class='ocrx_word' id='word_1_66' title='bbox 1302 1431 1303 1444; x_wconf 61' lang='grc'>,</span> 
     </span>
     <span class='ocr_line' id='line_1_14' title="bbox 302 1447 1303 1536; baseline -0.002 -18"><span class='ocrx_word' id='word_1_67' title='bbox 302 1451 449 1536; x_wconf 88' lang='lat' dir='ltr'><strong>Namque</strong></span> <span class='ocrx_word' id='word_1_68' title='bbox 458 1451 712 1536; x_wconf 83' lang='lat' dir='ltr'><strong>ubilongameae</strong></span> <span class='ocrx_word' id='word_1_69' title='bbox 724 1452 922 1536; x_wconf 85' lang='lat' dir='ltr'><strong>consumpsti</strong></span> <span class='ocrx_word' id='word_1_70' title='bbox 932 1455 1076 1536; x_wconf 86' lang='lat' dir='ltr'><strong>tempora</strong></span> <span class='ocrx_word' id='word_1_71' title='bbox 1085 1451 1200 1536; x_wconf 82' lang='lat' dir='ltr'><strong>noetis,</strong></span> <span class='ocrx_word' id='word_1_72' title='bbox 1302 1447 1303 1478; x_wconf 66' lang='lat'><em>³</em></span> 
     </span>
     <span class='ocr_line' id='line_1_15' title="bbox 345 1533 1304 1644; baseline 0.001 -44"><span class='ocrx_word' id='word_1_73' title='bbox 345 1534 529 1620; x_wconf 80' lang='lat' dir='ltr'><strong>Languidus</strong></span> <span class='ocrx_word' id='word_1_74' title='bbox 551 1533 669 1600; x_wconf 78' lang='grc'><strong>1111111</strong></span> <span class='ocrx_word' id='word_1_75' title='bbox 702 1534 733 1598; x_wconf 82' lang='grc'><strong>11</strong></span> <span class='ocrx_word' id='word_1_76' title='bbox 753 1534 843 1615; x_wconf 87' lang='lat' dir='ltr'><strong>mihi,</strong></span> <span class='ocrx_word' id='word_1_77' title='bbox 866 1535 1043 1600; x_wconf 81' lang='lat' dir='ltr'><strong>sideribus?</strong></span> <span class='ocrx_word' id='word_1_78' title='bbox 1303 1550 1304 1644; x_wconf 56' lang='lat' dir='ltr'><strong>p</strong></span> 
     </span>
     <span class='ocr_line' id='line_1_16' title="bbox 303 1584 1304 1704; baseline 0 -20"><span class='ocrx_word' id='word_1_79' title='bbox 303 1618 331 1685; x_wconf 94' lang='lat'>0</span> <span class='ocrx_word' id='word_1_80' title='bbox 353 1619 475 1684; x_wconf 88' lang='lat' dir='ltr'><strong>utinam</strong></span> <span class='ocrx_word' id='word_1_81' title='bbox 495 1618 576 1684; x_wconf 84' lang='lat' dir='ltr'><strong>tales</strong></span> <span class='ocrx_word' id='word_1_82' title='bbox 597 1584 762 1704; x_wconf 82' lang='lat' dir='ltr'><strong>producas,</strong></span> <span class='ocrx_word' id='word_1_83' title='bbox 783 1619 926 1703; x_wconf 88' lang='lat' dir='ltr'><strong>inprobe,</strong></span> <span class='ocrx_word' id='word_1_84' title='bbox 948 1623 1070 1704; x_wconf 79' lang='lat' dir='ltr'><strong>nostes,</strong></span> <span class='ocrx_word' id='word_1_85' title='bbox 1303 1645 1304 1658; x_wconf 56' lang='lat'>¹</span> 
     </span>
     <span class='ocr_line' id='line_1_17' title="bbox 256 1701 1108 1788; baseline 0.005 -22"><span class='ocrx_word' id='word_1_86' title='bbox 256 1717 290 1766; x_wconf 78' lang='lat'><strong>40</strong></span> <span class='ocrx_word' id='word_1_87' title='bbox 345 1702 398 1768; x_wconf 91' lang='lat' dir='ltr'><strong>Me</strong></span> <span class='ocrx_word' id='word_1_88' title='bbox 419 1703 568 1768; x_wconf 86' lang='lat' dir='ltr'><strong>miseram</strong></span> <span class='ocrx_word' id='word_1_89' title='bbox 590 1703 700 1788; x_wconf 90' lang='lat' dir='ltr'><strong>quales</strong></span> <span class='ocrx_word' id='word_1_90' title='bbox 720 1723 787 1768; x_wconf 88' lang='lat' dir='ltr'><strong>sem</strong></span> <span class='ocrx_word' id='word_1_91' title='bbox 811 1725 846 1768; x_wconf 88' lang='lat' dir='ltr'><strong>er</strong></span> <span class='ocrx_word' id='word_1_92' title='bbox 866 1701 983 1768; x_wconf 88' lang='lat' dir='ltr'><strong>habere</strong></span> <span class='ocrx_word' id='word_1_93' title='bbox 1004 1705 1108 1770; x_wconf 90' lang='lat' dir='ltr'><strong>iubes!</strong></span> 
     </span>
     <span class='ocr_line' id='line_1_18' title="bbox 303 1725 1201 1872; baseline 0 -18"><span class='ocrx_word' id='word_1_94' title='bbox 303 1786 388 1854; x_wconf 84' lang='lat' dir='ltr'><strong>Nam</strong></span> <span class='ocrx_word' id='word_1_95' title='bbox 414 1787 509 1852; x_wconf 90' lang='lat' dir='ltr'><strong>modo</strong></span> <span class='ocrx_word' id='word_1_96' title='bbox 535 1809 596 1872; x_wconf 89' lang='lat' dir='ltr'><strong>pur</strong></span> <span class='ocrx_word' id='word_1_97' title='bbox 619 1809 695 1852; x_wconf 88' lang='lat' dir='ltr'><strong>ureo</strong></span> <span class='ocrx_word' id='word_1_98' title='bbox 715 1725 865 1852; x_wconf 69' lang='lat' dir='ltr'><strong>falleiam</strong></span> <span class='ocrx_word' id='word_1_99' title='bbox 887 1789 1021 1853; x_wconf 87' lang='lat' dir='ltr'><strong>stamine</strong></span> <span class='ocrx_word' id='word_1_100' title='bbox 1043 1809 1201 1872; x_wconf 81' lang='lat' dir='ltr'><strong>somnum,</strong></span> 
     </span>
     <span class='ocr_line' id='line_1_19' title="bbox 346 1869 1078 1956; baseline 0.003 -20"><span class='ocrx_word' id='word_1_101' title='bbox 346 1871 467 1936; x_wconf 86' lang='lat' dir='ltr'><strong>Rursus</strong></span> <span class='ocrx_word' id='word_1_102' title='bbox 488 1874 521 1936; x_wconf 90' lang='lat' dir='ltr'><strong>et</strong></span> <span class='ocrx_word' id='word_1_103' title='bbox 542 1869 608 1956; x_wconf 86' lang='lat' dir='ltr'><strong>Orp</strong></span> <span class='ocrx_word' id='word_1_104' title='bbox 634 1893 688 1938; x_wconf 86' lang='lat' dir='ltr'><strong>eae</strong></span> <span class='ocrx_word' id='word_1_105' title='bbox 711 1871 850 1936; x_wconf 80' lang='lat' dir='ltr'><strong>carmine</strong></span> <span class='ocrx_word' id='word_1_106' title='bbox 871 1871 955 1936; x_wconf 85' lang='lat' dir='ltr'><strong>fessa</strong></span> <span class='ocrx_word' id='word_1_107' title='bbox 976 1873 988 1937; x_wconf 95' lang='lat' dir='ltr'>l</span> <span class='ocrx_word' id='word_1_108' title='bbox 1045 1895 1078 1938; x_wconf 88' lang='lat' dir='ltr'><strong>e:</strong></span> 
     </span>
     <span class='ocr_line' id='line_1_20' title="bbox 282 1955 1095 2040; baseline 0.001 -20"><span class='ocrx_word' id='word_1_109' title='bbox 282 1955 447 2021; x_wconf 80' lang='lat' dir='ltr'><strong>Interdum</strong></span> <span class='ocrx_word' id='word_1_110' title='bbox 467 1956 580 2036; x_wconf 77' lang='lat' dir='ltr'><strong>leviter</strong></span> <span class='ocrx_word' id='word_1_111' title='bbox 599 1977 725 2021; x_wconf 83' lang='lat' dir='ltr'><strong>meeum</strong></span> <span class='ocrx_word' id='word_1_112' title='bbox 746 1955 871 2021; x_wconf 76' lang='lat' dir='ltr'><strong>deseris</strong></span> <span class='ocrx_word' id='word_1_113' title='bbox 893 1977 987 2040; x_wconf 87' lang='lat' dir='ltr'><strong>quere</strong></span> <span class='ocrx_word' id='word_1_114' title='bbox 1011 1979 1046 2020; x_wconf 88' lang='lat' dir='ltr'><strong>ar</strong></span> <span class='ocrx_word' id='word_1_115' title='bbox 1090 2003 1095 2009; x_wconf 90' lang='lat'>-</span> 
     </span>
     <span class='ocr_line' id='line_1_21' title="bbox 345 2039 1061 2126; baseline 0.004 -23"><span class='ocrx_word' id='word_1_116' title='bbox 345 2039 487 2104; x_wconf 81' lang='lat' dir='ltr'><strong>Externa</strong></span> <span class='ocrx_word' id='word_1_117' title='bbox 509 2040 622 2126; x_wconf 83' lang='lat' dir='ltr'><strong>longas</strong></span> <span class='ocrx_word' id='word_1_118' title='bbox 644 2061 740 2124; x_wconf 86' lang='lat' dir='ltr'><strong>saepe</strong></span> <span class='ocrx_word' id='word_1_119' title='bbox 760 2040 796 2104; x_wconf 91' lang='lat' dir='ltr'><strong>in</strong></span> <span class='ocrx_word' id='word_1_120' title='bbox 817 2061 924 2106; x_wconf 88' lang='lat' dir='ltr'><strong>amore</strong></span> <span class='ocrx_word' id='word_1_121' title='bbox 945 2062 1061 2124; x_wconf 88' lang='lat' dir='ltr'><strong>moras,</strong></span> 
     </span>
     <span class='ocr_line' id='line_1_22' title="bbox 254 2121 1116 2210; baseline 0.005 -24"><span class='ocrx_word' id='word_1_122' title='bbox 254 2137 288 2186; x_wconf 79' lang='lat'><strong>45</strong></span> <span class='ocrx_word' id='word_1_123' title='bbox 302 2121 388 2186; x_wconf 92' lang='lat' dir='ltr'><strong>Dum</strong></span> <span class='ocrx_word' id='word_1_124' title='bbox 409 2145 460 2187; x_wconf 87' lang='lat' dir='ltr'><strong>me</strong></span> <span class='ocrx_word' id='word_1_125' title='bbox 481 2123 627 2187; x_wconf 86' lang='lat' dir='ltr'><strong>iocundis</strong></span> <span class='ocrx_word' id='word_1_126' title='bbox 648 2123 771 2207; x_wconf 89' lang='lat' dir='ltr'><strong>lapsam</strong></span> <span class='ocrx_word' id='word_1_127' title='bbox 793 2145 889 2208; x_wconf 91' lang='lat' dir='ltr'><strong>sopor</strong></span> <span class='ocrx_word' id='word_1_128' title='bbox 910 2125 1027 2210; x_wconf 77' lang='lat' dir='ltr'><strong>inpulit</strong></span> <span class='ocrx_word' id='word_1_129' title='bbox 1048 2126 1116 2191; x_wconf 89' lang='lat' dir='ltr'><strong>alis.</strong></span> 
     </span>
     <span class='ocr_line' id='line_1_23' title="bbox 346 2205 1002 2274; baseline 0.002 -2"><span class='ocrx_word' id='word_1_130' title='bbox 346 2206 407 2272; x_wconf 85' lang='lat' dir='ltr'><strong>Illa</strong></span> <span class='ocrx_word' id='word_1_131' title='bbox 427 2205 489 2270; x_wconf 85' lang='lat' dir='ltr'><strong>fuit</strong></span> <span class='ocrx_word' id='word_1_132' title='bbox 509 2206 647 2271; x_wconf 79' lang='lat' dir='ltr'><strong>lacrimis</strong></span> <span class='ocrx_word' id='word_1_133' title='bbox 669 2207 781 2271; x_wconf 87' lang='lat' dir='ltr'><strong>ultima</strong></span> <span class='ocrx_word' id='word_1_134' title='bbox 802 2229 878 2274; x_wconf 83' lang='lat' dir='ltr'><strong>cura</strong></span> <span class='ocrx_word' id='word_1_135' title='bbox 898 2211 1002 2273; x_wconf 66' lang='lat' dir='ltr'><strong>meis!</strong></span> 
     </span>
    </p>
   </div>
   <div class='ocr_carea' id='block_1_3' title="bbox 681 2421 763 2496">
    <p class='ocr_par' dir='ltr' id='par_1_3' title="bbox 681 2421 763 2496">
     <span class='ocr_line' id='line_1_24' title="bbox 681 2421 763 2496; baseline 0.024 -2"><span class='ocrx_word' id='word_1_136' title='bbox 681 2421 763 2496; x_wconf 87' lang='grc' dir='ltr'><strong>ΠΠ.</strong></span> 
     </span>
    </p>
   </div>
   <div class='ocr_carea' id='block_1_4' title="bbox 258 2541 1198 3555">
    <p class='ocr_par' dir='ltr' id='par_1_4' title="bbox 258 2541 1198 3555">
     <span class='ocr_line' id='line_1_25' title="bbox 304 2541 1178 2630; baseline 0.006 -25"><span class='ocrx_word' id='word_1_137' title='bbox 304 2541 388 2618; x_wconf 83' lang='lat' dir='ltr'><strong>Quid</strong></span> <span class='ocrx_word' id='word_1_138' title='bbox 408 2542 487 2608; x_wconf 90' lang='lat' dir='ltr'><strong>mihi</strong></span> <span class='ocrx_word' id='word_1_139' title='bbox 508 2546 576 2608; x_wconf 86' lang='lat' dir='ltr'><strong>tam</strong></span> <span class='ocrx_word' id='word_1_140' title='bbox 596 2546 713 2610; x_wconf 88' lang='lat' dir='ltr'><strong>multas</strong></span> <span class='ocrx_word' id='word_1_141' title='bbox 736 2545 905 2630; x_wconf 84' lang='lat' dir='ltr'><strong>laudando,</strong></span> <span class='ocrx_word' id='word_1_142' title='bbox 927 2545 1035 2629; x_wconf 83' lang='lat' dir='ltr'><strong>Basse,</strong></span> <span class='ocrx_word' id='word_1_143' title='bbox 1058 2547 1178 2630; x_wconf 82' lang='lat' dir='ltr'><strong>puellas</strong></span> 
     </span>
     <span class='ocr_line' id='line_1_26' title="bbox 273 2625 988 2714; baseline 0.007 -25"><span class='ocrx_word' id='word_1_144' title='bbox 273 2637 277 2646; x_wconf 87' lang='lat'>&#39;</span> <span class='ocrx_word' id='word_1_145' title='bbox 346 2625 504 2690; x_wconf 88' lang='lat' dir='ltr'><strong>Mutatum</strong></span> <span class='ocrx_word' id='word_1_146' title='bbox 525 2627 654 2692; x_wconf 90' lang='lat' dir='ltr'><strong>domina</strong></span> <span class='ocrx_word' id='word_1_147' title='bbox 676 2629 765 2714; x_wconf 83' lang='lat' dir='ltr'><strong>cogis</strong></span> <span class='ocrx_word' id='word_1_148' title='bbox 788 2631 874 2694; x_wconf 86' lang='lat' dir='ltr'><strong>abire</strong></span> <span class='ocrx_word' id='word_1_149' title='bbox 896 2630 988 2695; x_wconf 82' lang='lat' dir='ltr'><strong>mea?</strong></span> 
     </span>
     <span class='ocr_line' id='line_1_27' title="bbox 304 2710 1198 2798; baseline 0.004 -25"><span class='ocrx_word' id='word_1_150' title='bbox 304 2710 458 2788; x_wconf 82' lang='lat' dir='ltr'><strong>Quidme</strong></span> <span class='ocrx_word' id='word_1_151' title='bbox 479 2732 546 2776; x_wconf 90' lang='lat' dir='ltr'><strong>non</strong></span> <span class='ocrx_word' id='word_1_152' title='bbox 566 2712 685 2796; x_wconf 85' lang='lat' dir='ltr'><strong>pateris</strong></span> <span class='ocrx_word' id='word_1_153' title='bbox 706 2713 791 2778; x_wconf 85' lang='lat' dir='ltr'><strong>vitae</strong></span> <span class='ocrx_word' id='word_1_154' title='bbox 813 2714 1032 2798; x_wconf 81' lang='lat' dir='ltr'><strong>quodcumque</strong></span> <span class='ocrx_word' id='word_1_155' title='bbox 1053 2717 1198 2798; x_wconf 86' lang='lat' dir='ltr'><strong>sequetur</strong></span> 
     </span>
     <span class='ocr_line' id='line_1_28' title="bbox 346 2793 1006 2880; baseline 0.009 -24"><span class='ocrx_word' id='word_1_156' title='bbox 346 2793 418 2858; x_wconf 83' lang='lat' dir='ltr'><strong>Hoa</strong></span> <span class='ocrx_word' id='word_1_157' title='bbox 439 2793 542 2880; x_wconf 83' lang='lat' dir='ltr'><strong>magis</strong></span> <span class='ocrx_word' id='word_1_158' title='bbox 565 2793 695 2860; x_wconf 84' lang='lat' dir='ltr'><strong>adsueto</strong></span> <span class='ocrx_word' id='word_1_159' title='bbox 717 2797 831 2862; x_wconf 84' lang='lat' dir='ltr'><strong>ducere</strong></span> <span class='ocrx_word' id='word_1_160' title='bbox 854 2798 1006 2864; x_wconf 84' lang='lat' dir='ltr'><strong>servitio?</strong></span> 
     </span>
     <span class='ocr_line' id='line_1_29' title="bbox 276 2877 1097 2965; baseline 0.009 -26"><span class='ocrx_word' id='word_1_161' title='bbox 276 2877 357 2940; x_wconf 72' lang='lat' dir='ltr'><strong>uTu</strong></span> <span class='ocrx_word' id='word_1_162' title='bbox 378 2877 453 2942; x_wconf 74' lang='lat' dir='ltr'><strong>huet</strong></span> <span class='ocrx_word' id='word_1_163' title='bbox 476 2878 574 2943; x_wconf 85' lang='lat' dir='ltr'><strong>Antio</strong></span> <span class='ocrx_word' id='word_1_164' title='bbox 597 2901 633 2944; x_wconf 89' lang='lat' dir='ltr'><strong>ae</strong></span> <span class='ocrx_word' id='word_1_165' title='bbox 654 2881 791 2946; x_wconf 86' lang='lat' dir='ltr'><strong>formam</strong></span> <span class='ocrx_word' id='word_1_166' title='bbox 811 2881 986 2965; x_wconf 78' lang='lat' dir='ltr'><strong>Nycteidos</strong></span> <span class='ocrx_word' id='word_1_167' title='bbox 1008 2885 1041 2948; x_wconf 90' lang='lat' dir='ltr'><strong>et</strong></span> <span class='ocrx_word' id='word_1_168' title='bbox 1061 2885 1097 2946; x_wconf 93' lang='lat' dir='ltr'><strong>tu</strong></span> 
     </span>
     <span class='ocr_line' id='line_1_30' title="bbox 346 2901 1049 3050; baseline 0.007 -25"><span class='ocrx_word' id='word_1_169' title='bbox 346 2959 519 3046; x_wconf 77' lang='lat' dir='ltr'><strong>Spartanae</strong></span> <span class='ocrx_word' id='word_1_170' title='bbox 539 2901 659 3029; x_wconf 71' lang='lat' dir='ltr'><strong>reieras</strong></span> <span class='ocrx_word' id='word_1_171' title='bbox 680 2965 826 3030; x_wconf 88' lang='lat' dir='ltr'><strong>laudibus</strong></span> <span class='ocrx_word' id='word_1_172' title='bbox 847 2965 1049 3050; x_wconf 82' lang='lat' dir='ltr'><strong>Hermionae,</strong></span> 
     </span>
     <span class='ocr_line' id='line_1_31' title="bbox 303 3045 1127 3136; baseline 0.005 -26"><span class='ocrx_word' id='word_1_173' title='bbox 303 3045 347 3111; x_wconf 77' lang='lat' dir='ltr'><strong>nt</strong></span> <span class='ocrx_word' id='word_1_174' title='bbox 369 3068 582 3132; x_wconf 79' lang='lat' dir='ltr'><strong>quascumque</strong></span> <span class='ocrx_word' id='word_1_175' title='bbox 604 3048 679 3112; x_wconf 89' lang='lat' dir='ltr'><strong>tulit</strong></span> <span class='ocrx_word' id='word_1_176' title='bbox 699 3049 832 3114; x_wconf 89' lang='lat' dir='ltr'><strong>formosi</strong></span> <span class='ocrx_word' id='word_1_177' title='bbox 853 3051 1006 3136; x_wconf 85' lang='lat' dir='ltr'><strong>temporis</strong></span> <span class='ocrx_word' id='word_1_178' title='bbox 1026 3054 1127 3114; x_wconf 77' lang='lat' dir='ltr'><strong>aetasz</strong></span> 
     </span>
     <span class='ocr_line' id='line_1_32' title="bbox 348 3129 1060 3217; baseline 0.004 -22"><span class='ocrx_word' id='word_1_179' title='bbox 348 3129 487 3214; x_wconf 73' lang='lat' dir='ltr'><strong>Cynthia</strong></span> <span class='ocrx_word' id='word_1_180' title='bbox 507 3153 575 3196; x_wconf 90' lang='lat' dir='ltr'><strong>non</strong></span> <span class='ocrx_word' id='word_1_181' title='bbox 595 3132 666 3196; x_wconf 85' lang='lat' dir='ltr'><strong>illas</strong></span> <span class='ocrx_word' id='word_1_182' title='bbox 688 3153 807 3198; x_wconf 85' lang='lat' dir='ltr'><strong>nomen</strong></span> <span class='ocrx_word' id='word_1_183' title='bbox 828 3131 946 3200; x_wconf 87' lang='lat' dir='ltr'><strong>habere</strong></span> <span class='ocrx_word' id='word_1_184' title='bbox 968 3135 1060 3217; x_wconf 84' lang='lat' dir='ltr'><strong>sinet,</strong></span> 
     </span>
     <span class='ocr_line' id='line_1_33' title="bbox 303 3213 1030 3304; baseline 0.003 -23"><span class='ocrx_word' id='word_1_185' title='bbox 303 3213 440 3299; x_wconf 88' lang='lat' dir='ltr'><strong>Nedum,</strong></span> <span class='ocrx_word' id='word_1_186' title='bbox 463 3215 491 3279; x_wconf 90' lang='lat' dir='ltr'><strong>si</strong></span> <span class='ocrx_word' id='word_1_187' title='bbox 512 3215 634 3282; x_wconf 86' lang='lat' dir='ltr'><strong>levibus</strong></span> <span class='ocrx_word' id='word_1_188' title='bbox 655 3217 753 3282; x_wconf 88' lang='lat' dir='ltr'><strong>fuerit</strong></span> <span class='ocrx_word' id='word_1_189' title='bbox 773 3218 889 3283; x_wconf 80' lang='lat' dir='ltr'><strong>collata</strong></span> <span class='ocrx_word' id='word_1_190' title='bbox 909 3219 1030 3304; x_wconf 80' lang='lat' dir='ltr'><strong>figuris,</strong></span> 
     </span>
     <span class='ocr_line' id='line_1_34' title="bbox 258 3297 914 3386; baseline 0.011 -26"><span class='ocrx_word' id='word_1_191' title='bbox 258 3311 291 3361; x_wconf 81' lang='lat'><strong>10</strong></span> <span class='ocrx_word' id='word_1_192' title='bbox 346 3297 485 3364; x_wconf 85' lang='lat' dir='ltr'><strong>Inferior</strong></span> <span class='ocrx_word' id='word_1_193' title='bbox 506 3300 584 3364; x_wconf 88' lang='lat' dir='ltr'><strong>duro</strong></span> <span class='ocrx_word' id='word_1_194' title='bbox 606 3301 709 3366; x_wconf 84' lang='lat' dir='ltr'><strong>iudice</strong></span> <span class='ocrx_word' id='word_1_195' title='bbox 730 3303 832 3386; x_wconf 79' lang='lat' dir='ltr'><strong>turpis</strong></span> <span class='ocrx_word' id='word_1_196' title='bbox 855 3305 914 3368; x_wconf 89' lang='lat' dir='ltr'><strong>eat.</strong></span> 
     </span>
     <span class='ocr_line' id='line_1_35' title="bbox 304 3381 1155 3469; baseline 0.001 -22"><span class='ocrx_word' id='word_1_197' title='bbox 304 3381 392 3447; x_wconf 84' lang='lat' dir='ltr'><strong>Haec</strong></span> <span class='ocrx_word' id='word_1_198' title='bbox 414 3383 470 3447; x_wconf 88' lang='lat' dir='ltr'><strong>sed</strong></span> <span class='ocrx_word' id='word_1_199' title='bbox 490 3383 595 3448; x_wconf 80' lang='lat' dir='ltr'><strong>forma</strong></span> <span class='ocrx_word' id='word_1_200' title='bbox 615 3385 679 3449; x_wconf 90' lang='lat' dir='ltr'><strong>mei</strong></span> <span class='ocrx_word' id='word_1_201' title='bbox 700 3407 774 3469; x_wconf 88' lang='lat' dir='ltr'><strong>pars</strong></span> <span class='ocrx_word' id='word_1_202' title='bbox 796 3390 845 3451; x_wconf 90' lang='lat' dir='ltr'><strong>est</strong></span> <span class='ocrx_word' id='word_1_203' title='bbox 866 3391 1005 3452; x_wconf 83' lang='lat' dir='ltr'><strong>extrema</strong></span> <span class='ocrx_word' id='word_1_204' title='bbox 1026 3386 1155 3451; x_wconf 73' lang='lat' dir='ltr'><strong>fruaris:</strong></span> 
     </span>
     <span class='ocr_line' id='line_1_36' title="bbox 347 3463 1102 3555; baseline 0.007 -26"><span class='ocrx_word' id='word_1_205' title='bbox 347 3463 429 3530; x_wconf 83' lang='lat' dir='ltr'><strong>Sunt</strong></span> <span class='ocrx_word' id='word_1_206' title='bbox 450 3467 582 3552; x_wconf 81' lang='lat' dir='ltr'><strong>maiora,</strong></span> <span class='ocrx_word' id='word_1_207' title='bbox 605 3469 728 3554; x_wconf 88' lang='lat' dir='ltr'><strong>quibus,</strong></span> <span class='ocrx_word' id='word_1_208' title='bbox 751 3469 859 3555; x_wconf 84' lang='lat' dir='ltr'><strong>Basse,</strong></span> <span class='ocrx_word' id='word_1_209' title='bbox 882 3473 985 3555; x_wconf 86' lang='lat' dir='ltr'><strong>perire</strong></span> <span class='ocrx_word' id='word_1_210' title='bbox 1006 3473 1102 3554; x_wconf 85' lang='lat' dir='ltr'><strong>iuvat,</strong></span> 
     </span>
    </p>
   </div>
   <div class='ocr_carea' id='block_1_5' title="bbox 0 0 1336 4140">
    <p class='ocr_par' dir='ltr' id='par_1_5' title="bbox 0 0 1336 4140">
     <span class='ocr_line' id='line_1_37' title="bbox 0 0 1336 4140; baseline 0 0"><span class='ocrx_word' id='word_1_211' title='bbox 0 0 1336 4140; x_wconf 95' lang='lat' dir='ltr'><strong> </strong></span> 
     </span>
    </p>
   </div>
  </div>
 </body>
</html>
