2628 4116
78 213 179 286 nnn]
200 187 202 189 ’
501 211 619 267 crass.
999 209 1040 274 53

117 375 161 438 Vt
179 374 239 438 tibi
260 375 332 438 tum
353 375 424 437 toto
446 375 575 456 pectore
597 373 752 439 sollicitae

80 459 227 524 Sensibus
249 457 368 541 ereptis
390 478 480 521 mens
502 457 633 524 exciditl
656 462 690 523 at
709 463 742 523 te
764 480 824 545 ego
846 463 931 524 certe
1006 474 1039 522 25

119 542 342 628 Cognorama
363 561 461 625 parva
482 541 606 638 virgine
626 543 872 628 magnanimum.

80 628 170 691 Anne
191 627 313 690 bonum
335 624 461 689 oblita's
482 626 620 710 luemus,
644 648 706 711 quo
720 628 844 714 regium
859 628 998 712 adepta's

118 709 327 796 Coniugium,
350 729 413 794 quo
435 729 501 773 non
523 709 637 775 fortius
660 711 744 776 ausit
765 711 848 776 elis?

80 795 139 860 Sed
152 797 222 858 tum
236 796 358 858 maesta
372 794 476 857 virum
490 794 620 858 mittens
636 815 716 878 quae
730 797 827 860 verba
840 795 987 862 locuta'sl

118 879 277 962 luppiter,
298 881 336 941 nt
356 877 442 941 tristi
463 878 584 942 lumina
605 899 700 963 saepe
721 882 831 945 manu!
1006 893 1040 942 so

79 962 155 1039 Quis
175 967 209 1027 te
230 962 365 1026 mutavit
385 963 494 1025 tantus
517 961 615 1026 deus?
638 984 680 1026 an
702 963 787 1046 quod
808 967 950 1029 amantes

118 1046 195 1112 Non
216 1046 314 1131 longe
336 1067 356 1108 a
378 1066 450 1110 caro
473 1067 606 1130 corpore
628 1045 738 1110 abesse
759 1047 893 1112 volunt?

78 1132 182 1214 Atque
204 1129 250 1194 ibi
271 1151 323 1194 ms
346 1131 467 1194 cunctis
489 1151 548 1214 pro
571 1130 655 1194 dulci
678 1131 812 1242 coniuge
835 1130 915 1196 divis
1008 1135 1010 1137 ’

118 1215 193 1280 Non
216 1215 285 1278 sinc
307 1214 433 1278 taurino
456 1214 611 1300 sanguine
632 1213 818 1298 pollicitae,

78 1299 130 1364 Sei
150 1298 287 1362 reditum
308 1298 476 1362 tetulisset.
513 1299 541 1362 is
563 1297 642 1362 haut
663 1299 698 1362 in
718 1303 784 1364 tem
808 1319 862 1364 ore
883 1301 982 1386 longo
1006 1313 1039 1362 ss

119 1382 254 1467 Captum
275 1383 388 1446 Asiam
409 1382 550 1467 Aegypti
572 1383 689 1448 finibus
711 1321 882 1449 addiderat.

78 1467 155 1544 Quis
178 1488 239 1564 ego
261 1487 320 1551 pro
343 1466 436 1530 factis
459 1467 586 1531 caelesti
607 1467 731 1532 reddita
753 1470 845 1534 coetu

116 1551 259 1615 Pristrna
280 1553 355 1614 vota
376 1571 460 1615 novo
482 1572 612 1616 munere
634 1551 785 1617 dissoluo.

76 1635 197 1717 Invita,
220 1656 239 1699 ο
262 1635 391 1731 regina,
412 1638 469 1698 tuo
492 1634 530 1698 dc
551 1635 669 1699 vertice
692 1636 788 1719 cessi,

117 1719 238 1783 Invita:
261 1719 370 1782 ad1uro
392 1721 486 1801 teque
507 1721 659 1802 tuomque
681 1722 791 1802 caput,
1008 1731 1042 1782 40

75 1802 118 1868 Di
167 1803 289 1868 cierat
310 1801 395 1886 quod
417 1802 515 1886 siquis
537 1803 676 1868 inaniter
696 1803 862 1868 adiinarit:

118 1825 182 1952 ἕὲἀ
205 1887 258 1970 qui
281 1907 314 1950 se
336 1885 420 1950 ferro
442 1886 582 1970 postulet
604 1907 672 1950 esse
693 1887 825 1970 parem?

75 1970 136 2035 Ille
157 1991 283 2054 quoque
304 1991 430 2034 eversus
450 1991 543 2034 mons
564 1974 628 2054 est,
650 1971 931 2119 quenssnmaxirnum
945 1969 980 2035 in

686 2076 722 2118 or
744 2078 756 2118 1

117 2139 294 2224 Progenies
316 2138 416 2204 Thiae
438 2140 524 2205 clara
546 2138 780 2223 supervehitur,

75 2223 160 2289 Cum
174 2223 262 2287 Medi
276 2245 426 2321 peperere
440 2244 558 2288 novom
572 2245 669 2308 mare,
692 2245 826 2308 cumque
840 2224 987 2288 iuventus
1008 2235 1041 2285 45

117 2307 182 2372 Per
203 2307 344 2372 medrum
366 2308 460 2372 classi
481 2307 616 2372 barbara
636 2307 726 2372 navit
746 2307 866 2373 Athon.

75 2391 163 2468 Quid
183 2391 304 2456 facient
325 2393 444 2475 crines,
467 2413 539 2457 cum
560 2391 644 2456 ferro
665 2391 743 2456 talia
765 2391 900 2456 cedent?

117 2475 278 2560 Iuppiter,
300 2479 336 2540 nt
358 2475 526 2624 (thelphon
547 2495 642 2540 omne
663 2495 765 2561 genus
785 2478 910 2559 pereat,

74 2559 120 2624 Et
143 2559 199 2642 qui
220 2559 379 2644 principio
403 2582 439 2627 su
483 2563 567 2626 terra
609 2581 737 2624 uaerere
759 2581 856 2624 venas

116 2643 244 2708 Institit
265 2644 399 2708 ecferri
420 2644 567 2728 frangere
589 2581 752 2708 duritiem!
1010 2653 1044 2703 60

73 2728 258 2792 Abiunctoe
279 2727 376 2812 paulo
399 2731 473 2792 ante
496 2748 603 2792 comae
625 2750 696 2792 mea
717 2727 785 2792 fata
807 2747 931 2792 sorores

116 2811 302 2896 lingebant,
327 2833 399 2876 cum
421 2833 455 2876 se
476 2811 658 2876 Memnonis
680 2811 850 2895 Aethiopis

72 2894 143 2960 Vni
169 2917 231 2959 ena
251 2895 409 2980 inpellens
430 2896 626 2960 nictantibus
650 2915 722 2960 aera
743 2896 857 2980 pennis

118 2917 249 3044 olsulit
270 2979 424 3076 Arsinoes
446 2979 599 3044 Locridos
621 2979 686 3043 ales
709 3001 822 3064 equos,

71 3061 107 3128 Is
132 3085 174 3126 ue
195 3085 254 3146 per
275 3063 431 3128 aetherias
452 3085 503 3129 me
524 3064 641 3129 tollens
664 3065 770 3127 avolat
791 3061 919 3124 umbras
1012 3071 1046 3122 55

150 3150 166 3210 t
186 3147 322 3212 Veneris
345 3151 432 3212 casto
455 3149 592 3214 collocat
612 3149 648 3211 in
669 3147 801 3231 gremio.

69 3230 156 3315 Ipsa
177 3251 269 3294 sunm
292 3230 472 3315 Zephyritis
495 3253 532 3296 eo
554 3230 710 3296 lamudum
731 3229 870 3312 legarat,

118 3315 223 3380 Graia
245 3315 332 3380 Cano
356 3316 415 3380 icis
436 3316 544 3380 incole
564 3313 721 3378 litoribus.
942 3379 944 3382 ,

68 3399 156 3483 †Hi
178 3399 224 3464 dii
245 3408 307 3464 ven'
327 3338 374 3464 ilii
395 3399 484 3464 vario
506 3420 548 3462 ne
571 3397 675 3462 solum
695 3396 731 3460 in
752 3395 872 3461 lumine
894 3395 973 3462 caeli

114 3483 173 3548 Ex
194 3483 365 3548 Ariadneis
387 3504 482 3548 aurea
502 3479 699 3567 temporibus
1014 3489 1048 3541 so
