2628 4116
76 239 170 310 axla]
504 239 620 297 LIBER.

284 401 461 486 Torquatum
482 403 554 468 volo
576 403 725 486 parvolae

325 486 439 550 Matris
461 508 478 550 e
499 487 622 574 gremio
645 508 719 551 suae

324 570 497 667 Pon‘igens
518 574 643 635 teneras
664 593 776 637 manua

283 655 380 719 Dulee
400 653 503 718 ndeat
524 655 563 719 ad
584 657 707 738 patrem

326 737 508 806 Semhiante
530 738 656 804 labello.

285 853 334 921 Sit
354 855 547 954 suogeimilis
568 857 651 954 patri

324 939 445 1004 Menho
468 944 500 1006 et
520 941 613 1006 fao1le
635 941 763 1006 meoieie

324 1023 509 1090 Neseitetur
530 1024 570 1088 ab
592 1025 739 1090 omnibus

282 1107 328 1173 Et
370 1107 533 1173 udioitiam
555 1129 631 1174 suae

360 1193 435 1256 atris
456 1192 578 1258 indicet
599 1213 663 1258 ore.

284 1307 370 1374 Talis
391 1309 477 1375 illius
500 1332 519 1375 a
540 1310 625 1376 bona

326 1393 429 1458 Matre
449 1394 519 1459 laus
541 1415 642 1479 genus
664 1395 832 1482 adprobet,

325 1477 433 1553 Qualis
454 1479 549 1543 unica
570 1478 609 1543 ab
631 1479 754 1563 optima

283 1559 385 1626 Matre
407 1561 596 1628 Telemacho
618 1568 727 1628 manet

325 1645 423 1710 Fama
443 1645 634 1732 Penelopeo.

284 1761 429 1828 Claudite
450 1763 547 1848 ostia,
569 1764 724 1850 virgines:

325 1847 473 1913 Lueimus
495 1847 581 1912 eatis.
611 1851 659 1932 at,
681 1849 778 1914 bonei

325 1929 501 2018 Coniuges,
523 1933 604 1996 bene
625 1932 722 1996 vivite
745 1937 776 1997 et

283 2011 415 2081 Munere
437 2016 568 2081 adsiduo
589 2016 749 2082 valentem
993 2031 1044 2082 aso

325 2099 479 2166 Exercete
501 2101 673 2166 inventtm

485 2221 638 2232 —-—

503 2305 614 2381 LXII.

76 2420 203 2505 Vesper
217 2418 322 2503 adest,
337 2420 482 2502 iuvenes,
498 2419 696 2506 consurgite:
710 2419 834 2505 Vesper
849 2421 986 2510 Olympo

76 2505 258 2589 Expectata
279 2503 335 2568 diu
355 2505 408 2568 vix
429 2503 560 2568 tandem
581 2503 703 2568 lumina
722 2506 816 2570 tollit.

79 2589 219 2674 Surgere
233 2588 299 2653 iam
312 2591 453 2672 tempus,
468 2588 532 2652 iam
546 2588 682 2674 pingues
697 2588 840 2674 linquere
853 2589 981 2656 mensas
988 2639 997 2674 ,

76 2672 146 2737 lam
167 2671 278 2736 veniet
297 2672 402 2768 virgo,
424 2671 489 2736 iam
511 2671 633 2738 dioetur
653 2671 865 2756 Hymenaeus.

118 2781 251 2864 Hymen
266 2802 285 2845 o
300 2780 498 2865 Hymenaee,
521 2779 650 2865 Hymen
664 2781 738 2846 edes
755 2780 987 2866 oHymenaee!
1026 2795 1043 2844 o

78 2921 236 3006 CernitiS,
257 2923 425 3008 innuptae,
447 2923 599 2988 iuvenes?
622 2925 805 3022 consurgite
827 2928 954 2989 eontra:

77 3006 242 3072 Nimirum
264 3006 401 3072 Oetaeos
422 3007 563 3072 ostendit
582 3008 720 3073 noetifer
740 3028 841 3093 rgnes.

79 3089 131 3155 Sic
154 3093 288 3177 certest3
309 3091 405 3156 viden
425 3095 462 3156 ut
482 3092 654 3176 perniciter
676 3091 836 3157 exiluere?
870 3153 873 3158 .

78 3173 155 3238 Non
170 3177 291 3240 temere
306 3176 457 3259 exiluere,
480 3179 597 3241 canent
611 3175 697 3260 quod
710 3177 837 3240 vineere
852 3195 910 3258 par
925 3177 981 3240 eet.

117 3282 252 3366 Hymen
266 3303 286 3348 o
300 3283 501 3369 Hymenaee,
523 3281 653 3367 Hymen
666 3282 740 3347 edes
755 3303 775 3347 o
789 3281 987 3367 Hymenaee!
1012 3297 1045 3346 ro

77 3425 154 3492 Non
177 3426 283 3490 faoilie
304 3425 414 3511 nobie,
437 3425 598 3510 aequales,
620 3425 727 3510 palma
747 3430 904 3512 parataet,

76 3511 263 3596 adspicite,
285 3511 438 3597 innuptae
460 3531 567 3590 seeum
588 3513 625 3576 ut
645 3509 797 3578 meditate
818 3513 992 3596 requirunt
1025 3549 1026 3554 κ
