2632 4140
238 253 278 318 18
625 256 818 313 PROPERTII
1073 257 1201 328 [XVIIII.

301 421 366 488 Hie
387 423 464 487 lieet
485 422 627 487 occultos
648 419 790 504 proferre
810 420 931 504 inpune
953 417 1094 501 dolores,

344 506 379 570 Si
400 505 495 570 modo
518 506 587 570 sola
608 507 727 588 queant
749 525 825 568 saxa
844 507 953 568 tenere
975 503 1080 568 fidem.

273 589 398 655 aVnda
413 593 486 655 tuos
523 589 638 654 rimum
652 590 805 672 repetam,
825 608 897 652 mea
911 585 1064 670 Cynthia,
1075 587 1201 654 fastus?

344 673 436 750 Quod
457 611 536 738 urii
558 673 614 737 das
635 671 748 755 fiendi,
771 669 926 754 Cynthia,
947 671 1164 758 principium?

303 757 330 834 Q
356 760 362 772 '
386 757 481 822 modo
503 757 612 822 felices
634 757 719 821 inser
738 755 928 821 numerabar
949 757 1107 837 amantes,

332 781 441 908 uisura
462 842 498 905 in
519 862 626 906 amore
647 843 702 905 tuo
726 860 825 924 cogor
845 837 961 904 habere
982 843 1103 903 noiam.

302 926 386 1002 Quid
398 929 524 990 taniam
538 925 662 990 merui?
677 945 756 1009 quae
767 927 799 988 ie
813 922 894 988 mihi
905 923 1038 988 erimina
1051 923 1200 988 mutari?

255 1025 287 1073 10
343 1011 397 1074 An
417 1031 502 1074 nova
521 1010 671 1074 trisiitiae
693 1029 789 1072 causa
809 1008 915 1092 puella
935 1007 1031 1070 tuae?

304 1094 357 1160 sie
379 1093 459 1158 mihi
479 1097 512 1158 te
533 1094 651 1158 referas
673 1093 761 1174 levis,
783 1095 820 1155 ui
840 1111 908 1155 non
928 1091 1027 1154 altera
1048 1093 1159 1155 nostro

346 1177 472 1244 Limine
493 1179 652 1242 formosos
673 1176 782 1240 insulis
802 1177 868 1239 ulla
888 1175 994 1260 pedes.

304 1262 454 1340 Quamvis
476 1263 577 1326 multa
597 1261 658 1326 tibi
679 1259 771 1324 dolor
784 1258 838 1324 hie
851 1281 941 1324 meus
963 1280 1075 1343 aspera
1096 1259 1200 1344 debet,

345 1346 422 1411 Non
443 1347 490 1409 ita
511 1367 605 1409 saeva
625 1349 734 1408 tamen
755 1343 879 1408 venerit
899 1350 947 1407 ira
967 1365 1047 1426 mea,

255 1428 348 1494 1th
368 1429 428 1492 sibi
450 1429 510 1493 sim
532 1430 647 1492 merito
670 1449 795 1512 semper
815 1429 904 1492 furor
925 1430 958 1492 et
977 1431 1034 1491 tua
1053 1427 1161 1490 flendo

347 1513 483 1577 Lumina
505 1512 635 1576 deiectis
656 1513 764 1596 turpia
786 1511 851 1575 sini
871 1511 1020 1576 lacrimis.

305 1598 359 1662 An
382 1597 456 1680 quia
476 1619 574 1681 parva
595 1596 706 1660 damus
727 1599 849 1660 mutato
873 1597 967 1680 signa
988 1595 1102 1676 ealore,

346 1681 391 1745 Es
410 1702 477 1745 non
498 1681 564 1745 ulla
584 1701 656 1746 meo
680 1681 797 1744 elamat
817 1679 853 1743 in
874 1702 928 1745 ore
949 1679 1052 1743 fides?

304 1765 372 1830 Vos
394 1765 482 1830 eritis
503 1768 611 1848 testes,
635 1766 744 1848 siquos
766 1761 864 1827 habai
884 1765 979 1827 arbor
1000 1785 1134 1848 amores,

256 1864 289 1912 20
346 1849 450 1934 Fagus
473 1851 506 1912 ei
525 1849 663 1914 Arcadio
685 1849 779 1932 pinus
801 1848 903 1912 amica
923 1847 992 1912 deo.
1053 1889 1054 1892 =

1287 313 1315 428 i

389 1935 493 1998 oiiens
503 1936 629 1997 teneras
641 1934 793 1996 resonant
802 1953 874 1995 mea
884 1930 980 1996 verba
992 1931 1050 1996 sub
1061 1931 1204 2018 umbras,
1302 1905 1315 1934 ⁴

303 1934 335 1997 A
367 1957 388 1997 u

346 1955 505 2082 {cribitur
527 2020 559 2081 ei
579 2017 693 2081 vestris
716 2015 855 2099 Cynthia
876 2015 1073 2097 corticibus!-

305 2101 358 2165 En
379 2103 434 2165 tua
455 2103 533 2184 quot
553 2101 678 2184 peperii
699 2101 792 2165 nobis
814 2099 930 2164 iniuria
953 2121 1052 2182 auras,

348 2183 434 2259 Quae
456 2184 560 2248 solum
581 2183 687 2248 tacitis
711 2183 841 2268 cognita
862 2185 937 2248 sunt
956 2183 1095 2249 foribusl

255 2281 288 2331 25
304 2267 421 2334 Omnia
442 2268 592 2332 consuevi
612 2267 743 2331 timidus
764 2268 906 2351 perferre
928 2267 1081 2351 superbae

348 2350 440 2416 Iussa
460 2373 563 2436 neque
585 2353 699 2450 arguto
720 2351 807 2416 facia
828 2351 938 2416 dolore
960 2352 1058 2434 queri.

304 2436 368 2500 Pro
390 2457 452 2520 quo
476 2435 601 2502 dumosr
622 2437 747 2500 montes
769 2438 802 2499 et
821 2435 940 2520 frigida
960 2457 1054 2518 rupes

347 2519 392 2583 Es
413 2519 505 2583 daiur
526 2520 648 2585 insulto
670 2519 797 2584 tramite
819 2519 897 2583 dura
918 2519 1021 2604 quies3

305 2603 349 2668 Et
371 2603 590 2688 quodcumque
611 2625 701 2668 meae
717 2607 857 2700 possunt
877 2623 1004 2668 narrare
1027 2603 1197 2688 querelae,
1304 2649 1310 2658 ·

259 2701 294 2750 80
351 2686 459 2774 Cogor
480 2687 521 2751 ad
542 2691 671 2772 argutas
693 2687 797 2752 dreere
820 2688 906 2752 solus
928 2709 1013 2752 aves.

306 2771 369 2837 Sed
384 2771 655 2855 qualiscumque's,
666 2774 817 2836 resonent
825 2771 905 2836 mihi
917 2769 1080 2855 ‘Cynthia'
1093 2769 1208 2858 silvae,

348 2853 418 2921 Nee
441 2854 566 2920 deseras
585 2859 642 2920 'suo
664 2856 794 2920 nomine
816 2877 892 2920 saxa
912 2858 1035 2920 vaeena

646 2985 798 2996 ...-

554 3077 561 3086 ’
646 3069 796 3142 XVHII.

307 3191 383 3257 Non
399 3214 458 3279 ego
473 3213 559 3256 nune
573 3189 681 3255 tristes
696 3211 816 3275 vereor,
832 3212 903 3255 mea
918 3190 1067 3275 Cynihia,
1079 3189 1211 3276 Manes,
1314 3189 1315 3202 ²

349 3275 418 3340 Nea
439 3298 547 3342 moror
569 3278 709 3339 extremo
732 3274 841 3339 debita
860 3273 928 3338 faia
948 3296 1044 3360 rogo3

307 3359 369 3424 Sed
390 3381 431 3424 ne
452 3360 535 3424 forte
557 3363 614 3423 tuo
637 3361 742 3423 eareai
761 3357 842 3422 mihi
863 3357 959 3422 funus
981 3379 1103 3441 amore,

348 3442 411 3506 Hie
431 3443 528 3507 timor
551 3446 600 3506 esi
619 3443 698 3527 ipsis
721 3442 829 3508 durior
851 3443 999 3526 exequiis,

275 3525 384 3590 sNon
406 3525 485 3590 adeo
507 3527 619 3590 leviter
639 3525 757 3593 nostris
777 3547 857 3612 puer
877 3525 983 3591 haesit
1003 3525 1132 3612 ocellis,
