2666 4138
99 255 157 325 nr]
495 251 603 306 umus
623 250 686 309 uu.

471 410 694 479 TIBVLLVS.
799 459 802 464 -

558 532 595 606 H

104 658 275 744 Sulpiciast
295 657 358 721 tibi
380 655 466 719 culta
486 657 565 739 tuis,
588 656 674 720 Mars
696 676 826 741 magne,
849 655 1010 721 kalendis:

144 743 330 827 Spectatum
352 762 369 804 e
392 739 494 823 caelo,
517 741 544 804 si
567 741 670 824 sapis,
692 741 760 824 ipse
782 741 864 805 veni.

11 877 13 894 .
102 827 173 892 Hoc
194 825 305 892 Venus
327 825 487 910 ignoscet:
510 827 544 888 at
564 827 615 906 tu,
637 824 793 908 violente,
818 827 927 890 caveto

144 911 194 976 Ne
216 910 277 974 tibi
298 908 428 973 miranti
449 909 586 992 turpiter
608 929 697 972 arma
718 909 842 973 cadant.

103 995 194 1060 illius
216 1015 256 1058 ex
277 993 394 1074 oculis,
418 1013 490 1057 curn
511 992 580 1056 volt
601 1012 731 1056 exurere
753 992 857 1075 divos,
1050 1001 1066 1054 ⁵

145 1076 304 1144 Accendit
324 1076 470 1162 geminas
492 1075 655 1159 lampadas
677 1096 749 1139 coer
770 1077 880 1141 Amor.
996 1157 997 1164 ἵ

103 1164 211 1246 Illam,
234 1160 387 1246 quidquid
410 1161 490 1245 agit,
514 1181 640 1243 quoquo
662 1160 744 1223 verti
771 1161 799 1224 'a
819 1160 935 1239 movit,

146 1245 311 1330 Conponit
330 1245 443 1308 furtim
464 1244 728 1327 subsequiturque
781 1265 862 1310 ecor.

104 1331 167 1398 Seu
188 1330 285 1395 solvit
306 1330 425 1413 crines,
447 1329 527 1393 fusis
550 1328 641 1393 decet
663 1349 731 1392 esse
754 1328 892 1413 capillis:
915 1355 916 1359 ¹

145 1414 209 1480 Seu
231 1434 302 1480 corn
326 1414 383 1496 sit,
406 1412 543 1496 comptis
566 1415 616 1477 est
637 1413 816 1476 veneranda
838 1413 947 1478 comis.
1036 1426 1068 1476 10

103 1499 190 1582 Vrit,
214 1520 270 1562 seu
291 1436 387 1581 lyris
408 1497 510 1562 voluit
529 1497 701 1594 procedere
722 1497 822 1581 palla:

144 1583 234 1666 Vrit,
256 1603 313 1646 seu
334 1581 428 1645 nivea
449 1581 583 1646 candrda
604 1584 692 1645 veste
714 1583 811 1645 venit.

103 1667 191 1732 Talis
211 1668 248 1731 in
269 1668 397 1730 aeterno
419 1664 496 1729 felix
517 1664 712 1729 Vertumnus
736 1664 873 1748 Olympo

144 1751 236 1816 Mille
256 1747 355 1814 habet
376 1751 523 1832 ornatus,
545 1749 633 1813 mille
651 1748 803 1813 'decenter
824 1749 930 1814 habet.

8 1905 14 1932 ι
104 1835 179 1901 Sola
199 1833 378 1918 puellarum
399 1832 542 1918 dignaret,
566 1833 616 1897 cui
637 1833 748 1896 mollia
770 1833 850 1896 caris
1037 1846 1068 1896 15

144 1918 275 1983 Vellera
296 1917 350 1982 det
371 1918 455 1982 sucis
477 1917 528 1980 bis
544 1916 728 1984 madefacta
748 1915 865 1999 Tyros,
982 1927 985 1935 ‘

102 2002 347 2086 Possideatque,
368 2002 462 2066 metit
483 2000 558 2085 quid
580 2000 636 2064 uid
657 2001 738 2064 bene
761 2001 920 2066 olentibus
944 2002 1026 2067 arvis

147 2086 259 2153 ducor
280 2084 430 2150 odoratae
453 2085 541 2149 dives
594 2085 667 2149 rabs
690 2085 807 2170 segetis

101 2171 148 2236 Et
169 2191 382 2318 quascumqppe
403 2170 498 2254 niger
518 2169 614 2234 rubro
637 2170 676 2234 de
697 2169 791 2268 litore
813 2191 956 2256 gemmas

146 2255 313 2320 Proximus
365 2253 413 2318 ois
436 2254 560 2338 colligit
580 2251 680 2318 Indus
702 2275 802 2338 aqum.
1035 2267 1069 2317 20

101 2338 197 2404 Hanc
218 2359 291 2422 vos,
314 2337 471 2422 Pierides,
493 2337 586 2402 festis
608 2339 733 2403 cantate
755 2337 915 2422 kalendis,

146 2423 191 2488 nt
210 2421 393 2488 testudinea
413 2421 543 2487 Phoebe
565 2422 699 2508 superbe
721 2422 799 2506 lyra.

100 2507 176 2573 Hoc
198 2507 340 2572 solemne
362 2527 487 2570 sacrum
508 2506 626 2570 multos
643 2509 720 2572 haec
743 2510 847 2571 sumat
861 2507 896 2572 in
910 2528 1025 2572 annos:

146 2590 285 2677 Dignior
307 2593 356 2655 est
377 2593 483 2656 vestro
505 2589 594 2654 nulla
615 2591 722 2675 puella
744 2590 849 2656 choro.

512 2721 664 2731 ——-——-—-

554 2805 619 2880 ΠΙ.

100 2936 201 3001 Parce
223 2956 295 3000 meo
318 2934 439 3018 iuveni,
462 2957 518 3000 seu
540 2936 610 3019 quis
633 2937 717 3001 bona
738 2959 856 3021 pascua
878 2939 981 3023 campi

146 3018 209 3085 Seu
230 3019 309 3084 colis
330 3019 474 3084 umbrosi
496 3019 588 3084 devie
608 3021 840 3106 montisaper,

7 3095 11 3118 ¹
100 3103 172 3170 Nec
193 3103 254 3167 tibi
276 3103 319 3168 sit
340 3102 436 3168 duros
458 3104 580 3169 acuisse
601 3106 637 3169 in
658 3106 780 3190 proelia
801 3105 928 3189 dentes,

144 3186 344 3253 Incolumem
367 3190 474 3253 custos
496 3186 582 3254 hunc
603 3189 683 3253 mihi
705 3192 810 3253 servet
830 3190 941 3254 Amor.

100 3271 167 3338 Sed
187 3271 301 3355 procul
323 3271 452 3337 abducit
473 3271 611 3337 venandi
632 3273 725 3337 Delia
747 3293 835 3337 cura:
1053 3285 1070 3336 ε

144 3354 173 3420 Ο
195 3359 330 3439 pereant
351 3355 464 3440 silvae,
488 3356 698 3440 deficiantque
720 3359 830 3422 canes!

97 3440 182 3518 Quis
197 3440 288 3504 furor
303 3441 366 3524 est,
389 3462 469 3525 quae
482 3462 589 3524 mena,
612 3441 727 3506 densos
742 3440 894 3528 indagine
910 3444 1008 3508 colles

142 3523 356 3592 Claudentem
376 3527 503 3590 teneras
525 3525 649 3591 laedere
670 3524 751 3592 velle
774 3527 910 3592 manus?

881 3629 915 3680 40
