2628 4116
153 573 392 674 LAEVII
435 573 638 673 OALVI
681 573 992 675 ALIORVM

452 755 691 824 clamavit

397 909 743 1002 RELIQVIAE.

495 1097 648 1108 ...η-

141 1242 179 1300 De
196 1245 368 1314 aequalibus
385 1243 491 1299 Catulli
512 1245 542 1298 et
559 1242 716 1298 studiorum
734 1244 908 1299 consortibus
926 1259 941 1298 e
958 1241 1053 1297 multis

97 1309 158 1431 ἷιαῧο
174 1311 363 1368 adscribenda
380 1311 448 1365 duxi
470 1314 598 1366 veterum
619 1310 783 1366 testimonis
805 1315 881 1382 (nam
898 1311 984 1380 ipsius
1002 1310 1053 1366 (ls-

110 1396 124 1431 u
144 1395 154 1432 1
187 1397 219 1434 ra
268 1398 283 1432 r
301 1396 318 1433 o
338 1399 345 1432 ι

141 1381 330 1502 &gergtffiuescl
341 1445 394 1514 111,
407 1452 452 1501 19:
471 1462 487 1501 ο
538 1446 615 1524 stain
626 1444 771 1515 egregium
783 1445 937 1514 (Ennium)!
956 1459 1053 1512 quam-

100 1527 177 1580 quam
194 1515 230 1568 ab
248 1514 294 1568 his
313 1515 475 1568 cantoribus
516 1511 678 1583 nphononis
696 1512 891 1568 contemnitur.

141 1581 215 1636 Idem
234 1582 272 1636 ad
290 1582 351 1636 Att
370 1580 435 1645 vll,
453 1588 483 1636 2:
500 1581 542 1635 ita
557 1579 634 1635 belle
650 1580 732 1634 nobis

237 1648 337 1703 ‘flavit
355 1648 391 1702 ab
408 1647 494 1726 Epiro
512 1646 669 1704 leuissimus
687 1645 899 1702 Onchesmites!

95 1711 162 1836 {lungo
179 1717 404 1772 σπονδειάζοντα
420 1716 490 1770 sicui
507 1714 585 1770 voles
602 1716 834 1782 suessonensi
851 1729 903 1782 pro
921 1715 970 1768 luo
987 1729 1053 1768 ven·

139 1849 212 1905 Naso
229 1849 366 1906 Tristium
384 1850 423 1916 11,
441 1855 491 1906 sal
508 1863 569 1918 sqq.

155 1940 199 1995 Sic
217 1957 273 1996 sua
288 1940 395 1996 lascivo
413 1941 555 1996 canutsst
571 1956 657 2010 saepe
675 1939 787 1996 Catullo

104 2039 110 2044 -
186 2008 317 2075 Femina,
335 2007 381 2062 cui
396 2007 500 2062 falsum
517 2007 617 2063 Lesbia
632 2024 736 2062 nomen
753 2007 822 2062 erat.

155 2076 213 2130 Nec
232 2077 382 2131 contentus
399 2090 433 2129 eo
450 2075 554 2130 multos
574 2073 703 2145 volgavit
720 2090 839 2138 amores,

92 2147 139 2198 430
188 2144 222 2198 lu
239 2142 343 2212 quibus
360 2143 421 2211 ipse
440 2159 521 2196 suum
536 2144 628 2197 fassus
646 2142 851 2198 adulteriumst'.

154 2209 209 2264 Par
226 2210 285 2264 tuit
302 2210 396 2279 exigui
414 2209 568 2278 similisque
586 2209 703 2265 licentia
720 2209 812 2277 Calvi,

188 2276 307 2332 Detexit
323 2276 408 2331 variis
426 2275 476 2355 qui
493 2293 544 2330 aua
560 2278 638 2332 furta
653 2277 752 2332 modis.

155 2343 231 2411 Quid
248 2345 370 2400 referam
387 2343 511 2410 liuidae,
529 2343 598 2410 quid
616 2343 731 2399 Memmi
748 2351 878 2400 carmen?
896 2345 973 2414 apud
985 2361 1054 2415 quos

189 2413 288 2467 Rebus
306 2411 387 2466 adest
403 2427 506 2465 nomen
523 2409 738 2480 nominibusque
776 2412 858 2479 udor,

95 2482 138 2533 ⁴³⁷
156 2479 332 2601 suffla
345 2477 861 2615 insatiabilitate

94 2617 139 2668 4³5
156 2613 247 2670 Cinna
264 2630 320 2681 quo
341 2631 376 2670 ue
393 2613 436 2670 his
455 2629 547 2668 comes
566 2614 622 2679 est,
641 2613 785 2681 Cinnaque
801 2615 946 2684 procacior
957 2616 1054 2682 Anser,

190 2681 228 2735 Et
246 2681 311 2736 leve
351 2679 458 2735 ornifici
474 2697 582 2749 parque
601 2679 714 2736 Catonis
731 2697 813 2760 opus:

156 2747 184 2803 Is
224 2764 330 2815 noque,
349 2747 499 2802 Phasiacas
516 2749 557 2802 Ar
577 2764 613 2802 on
630 2749 680 2816 qui
697 2748 778 2802 duxit
794 2749 824 2803 in
840 2749 941 2816 undas,

94 2819 142 2870 440
191 2765 370 2894 licnupctuit
386 2815 496 2894 veneris
512 2816 544 2870 fu
606 2818 699 2893 meere
718 2831 793 2894 suae.
971 2883 978 2894 ι

157 2883 219 2938 Neo
236 2900 328 2936 minus
345 2883 488 2948 Hortensi,
506 2899 558 2937 neo
575 2884 641 2937 sunt
656 2900 748 2937 minus
764 2883 884 2952 mprobe
901 2883 981 2939 Servi

193 2950 333 3006 Carmina.
368 2950 430 3017 quis
449 2949 561 3004 dubitet
576 2949 690 3004 nomina
706 2951 788 3005 tauta
805 2950 903 3018 sequi?

156 3017 254 3072 Vertit
269 3016 412 3072 Aristiden
430 3016 540 3084 Sisena„
557 3033 609 3072 neo
627 3017 719 3072 obfuit
734 3017 790 3085 illi,

192 3083 334 3139 Historiae
351 3087 383 3138 tu
418 3101 448 3139 es
465 3083 612 3140 inseruisse
629 3084 714 3139 locos.

93 3155 142 3206 445
158 3152 224 3206 Non
241 3151 297 3206 init
314 3167 403 3220 oppro
423 3153 465 3206 rio
483 3152 638 3207 celebrasse
655 3151 793 3221 Lycorida
811 3151 925 3220 Gallo..

194 3219 250 3274 Sed
267 3219 394 3289 linguam
410 3217 497 3274 nimio
514 3235 571 3274 non
586 3220 709 3274 tenuisse
726 3235 812 3274 merc.

92 3306 114 3360 l:
139 3310 244 3378 quibus
269 3312 366 3366 tamen
390 3311 483 3366 miuus
509 3312 546 3366 ad
570 3327 631 3368 rem
655 3310 782 3365 nostram
802 3293 911 3368 iaciunt
931 3313 1056 3370 diversas

93 3378 226 3444 equidem
248 3378 285 3433 ob
308 3395 406 3434 causas
424 3379 521 3434 Sisena
542 3380 573 3434 st
589 3376 696 3432 Gallus.
736 3378 867 3436 Ceterum
888 3381 1056 3438 conferenda

93 3459 156 3497 cum
174 3444 219 3500 hie
235 3445 320 3500 Plinii
344 3446 466 3516 epistula
483 3453 499 3502 3
521 3445 570 3500 lib.
588 3444 623 3512 V,
645 3441 696 3500 ubi
716 3444 786 3502 item
807 3445 976 3508 lascivorum
998 3464 1054 3502 car-
