2598 4136
240 200 300 265 116
632 201 797 258 PRIAPEA.
1027 195 1193 278 [LXXVIIIL

300 366 400 431 Poeta
420 368 544 448 noster,
568 364 750 429 erubescere
771 363 833 428 hoe
855 363 933 428 noli.

301 449 378 516 Non
400 472 433 516 es
455 453 550 534 poeta
571 449 761 513 fascinosior
782 450 902 511 nostro,

642 579 793 588 *-

644 661 787 735 LXXX.

301 793 347 852 Aa
367 744 440 850 'non
467 787 564 870 longa
596 785 723 866 benest,
757 783 838 848 bene
870 806 936 848 non
964 787 1028 850 siat
1060 785 1197 849 mentula

846 891 965 952 crassa,

344 954 389 1019 Et
410 976 504 1038 quam
527 953 554 1018 si
576 955 708 1035 tractes,
732 974 872 1018 erescere
893 973 986 1037 posse
1007 953 1124 1036 putes?

302 1039 355 1103 Me
376 1039 541 1104 miseruml
566 1037 695 1121 cupidas
717 1036 801 1100 fallit
821 1058 970 1101 mensura
990 1037 1128 1120 puellas,

343 1123 420 1188 Non
440 1122 538 1186 habet
558 1121 636 1186 haec
658 1120 743 1186 aliud
765 1121 907 1186 mentula
928 1121 1028 1184 maius
1052 1142 1100 1185 eu.

193 1239 209 1262 ι
270 1205 418 1272 thilior
439 1205 580 1289 Tydeus,
603 1205 672 1289 qui,
694 1205 799 1289 siquid
822 1205 923 1270 eredis
945 1203 1103 1288 Homero,
1136 1237 1140 1242 =

346 1289 481 1374 Ingenio
504 1311 648 1373 pugnax,
672 1310 808 1372 corpore
824 1311 939 1372 parvus
961 1292 1037 1353 erat.

303 1373 365 1438 sed
386 1373 492 1456 potuit
513 1373 628 1436 damno
651 1373 744 1436 nobis
765 1375 952 1457 novitasque
973 1372 1138 1457 pudorque

344 1457 438 1540 Esse,
463 1457 663 1541 repellendus
685 1457 809 1541 saepius
831 1459 893 1522 iste
914 1455 1001 1521 mihi.
1217 1517 1220 1522 .

302 1539 388 1605 Dum
409 1541 653 1624 vivis,‘sperare
675 1540 779 1625 deeei3
801 1543 852 1624 tu,
874 1541 990 1604 rustice
1014 1543 1138 1624 eustos,

256 1639 288 1688 ιο
345 1624 417 1690 Huc
439 1624 529 1708 ades,
555 1628 588 1688 st
607 1625 729 1708 nervis,
752 1628 839 1690 tante
861 1624 991 1708 Priape,
1013 1623 1094 1690 fave.

641 1855 802 1930 LXXXI.

608 1985 825 2050 TIBVLLI.

302 2089 425 2154 Vilicus
447 2087 547 2152 aerari
569 2087 743 2170 quondam,
766 2109 852 2151 nune
874 2087 978 2151 culter
999 2087 1096 2172 agelli

345 2171 432 2236 Haec
454 2171 514 2234 tibi
535 2169 712 2255 Respectus
734 2171 867 2254 sumpla,
890 2169 1019 2255 Priape,
1042 2171 1127 2236 dieo.

303 2256 366 2320 Pro
389 2255 502 2338 quibus
525 2254 653 2338 officiis,
677 2255 704 2318 si
725 2255 774 2320 fes
796 2257 858 2338 est,
881 2257 1005 2337 sancte,
1027 2256 1192 2340 paciscor,

347 2338 508 2403 Adsiduus
531 2341 637 2404 custus
658 2339 740 2402 ruris
762 2341 798 2402 ut
819 2359 888 2402 esse
909 2339 1003 2422 velis,

271 2422 458 2506 aInprobus
481 2426 517 2487 ut
538 2424 636 2507 siquis
658 2426 803 2487 nostrum
824 2422 952 2487 violaris
973 2423 1129 2508 agellum,

344 2505 439 2572 Hunc
453 2509 489 2570 tu
508 2545 542 2555 -
561 2507 616 2572 sed
630 2511 735 2591 tace03
752 2507 823 2590 scis,
842 2509 930 2590 puto,
949 2507 1033 2590 quod
1048 2510 1203 2593 sequitur.

644 2645 795 2655 —...-.—--

628 2737 808 2814 LXXXII.

501 2903 503 2906 ·
611 2868 825 2934 TIBVLLI.
883 2913 886 2918 -

303 2969 387 3046 Quid
407 2968 470 3034 hoe
491 2969 619 3034 noviei?
643 2970 719 3054 quid
740 2971 787 3033 ira
807 2969 934 3034 nuntiat
956 2968 1071 3032 deum?

303 3053 423 3120 Sileute
444 3056 539 3118 noete
561 3052 712 3118 candidus
734 3053 814 3117 mihi
834 3075 912 3137 puer
982 3081 984 3086 ’

302 3139 443 3222 Tepente
466 3159 538 3202 eum
560 3137 677 3202 iaceret
698 3137 824 3202 abditus
846 3139 932 3221 sinu,

304 3221 415 3286 Venus
436 3223 499 3286 fuit
520 3223 639 3306 quieta,
662 3243 723 3286 nee
745 3223 876 3286 viriliter

270 3305 390 3370 alners
413 3307 512 3370 senile
533 3307 634 3389 penis
648 3307 761 3370 extulit
783 3309 886 3389 sapui.

302 3389 425 3471 Placet,
450 3388 579 3472 Priape,
602 3391 656 3472 qui
678 3389 736 3453 sub
759 3390 878 3453 arboris
902 3411 991 3454 soma

305 3471 409 3555 Soles,
433 3493 557 3537 sacrum
579 3473 717 3536 revincta
739 3475 889 3556 pampino
913 3477 1023 3558 eaput,
1131 3549 1139 3566 ,
