2630 4110
466 136 669 222 1111111110
999 153 1049 201 vn

102 304 188 364 minus
202 303 421 380 perspexissent
439 305 587 379 plerique,
608 301 718 364 mirum
733 307 878 382 quantum
893 305 1051 367 turbarum

101 407 280 464 errorumque
295 389 338 448 011
353 391 534 448 commotum
547 389 627 448 inter
641 389 755 450 doctos.

154 473 207 534 His
222 473 367 550 expositis
382 472 456 532 nihil
476 474 592 547 obstat,
616 473 689 548 quin
703 475 741 533 ad
755 475 903 552 singulos,
927 477 979 552 qui
993 476 1049 538 hao

100 557 218 616 editione
232 557 439 630 continentur,
455 557 633 616 ereticorum
647 557 740 617 libros
755 561 950 619 transeamus.

153 641 196 700 De
210 641 374 716 archetypo
385 641 519 700 codicum
531 639 640 700 Catulli
655 644 725 717 post
735 641 903 720 Haupiium
920 639 1048 722 [quaest.

38 767 39 770 η
99 723 197 784 Catuli.
211 745 260 802 pg.
278 721 373 804 2-9]
390 723 594 800 Heysiumque
611 721 698 804 [vers.
715 725 779 786 Cat.
794 746 926 804 german.
944 729 1049 788 279—-

98 803 563 888 81101101100111010100100101.
578 808 713 887 Gotting.
725 829 750 870 0.
766 811 855 884 1855,
872 809 1047 890 1975-78]

98 912 127 952 00
144 893 315 952 Boehmium
337 889 463 972 [quaest.
485 891 550 954 Oet.
567 913 592 953 a.
610 896 690 954 1862
713 894 834 960 Bonnae
855 895 942 954 editis
962 899 1048 974 pg.2

98 971 147 1057 sq]
163 976 419 1046 dixitSchwabius
433 978 466 1038 in
479 979 661 1054 praefatione
675 978 746 1036 libri
756 971 915 1038 Catulliani
930 980 967 1038 ab
982 981 1049 1054 ipso

98 1079 119 1118 a.
128 1063 203 1122 1866
216 1062 300 1134 editi,
313 1063 351 1122 ex'
361 1081 420 1137 qua
434 1063 592 1139 potissima
602 1062 659 1120 hoc
668 1061 734 1120 loco
745 1061 791 1121 bis
800 1063 884 1122 10110
893 1064 1050 1122 immutata

97 1144 225 1206 brevibus
240 1149 410 1222 repetemus
425 1146 524 1206 verbis
538 1141 595 1225 [cf.
607 1145 744 1206 0111111011
754 1146 846 1221 praef.
858 1153 908 1222 pg.
917 1147 954 1204 21
964 1143 1049 1226 sqq.].

152 1230 256 1306 Itaque
272 1231 391 1290 saeculo
406 1229 496 1288 VIIII
510 1229 629 1290 videtur
644 1231 777 1290 extitisse
797 1231 830 1290 in
844 1229 953 1304 Gallia,
976 1249 1050 1307 quae

97 1315 154 1372 tum
173 1315 357 1390 optimorum
377 1315 546 1374 studiorum
564 1315 722 1391 potissima
743 1317 806 1374 erat
831 1316 930 1388 sedes,
958 1315 1049 1374 codex

98 1397 209 1472 quidam
231 1399 397 1458 carminum
423 1398 547 1473 Catulli,
578 1399 726 1474 scriptura
750 1398 988 1475 Langobardica,
1014 1403 1050 1458 nt

96 1483 173 1556 puto,
202 1483 276 1543 00110
304 1483 426 1558 quidem
451 1483 502 1541 ille
526 1483 685 1543 mendosus
711 1501 745 1542 00
773 1483 861 1542 10001.
901 1483 942 1542 Et
967 1484 1045 1542 hune

98 1567 293 1642 potiusquam
309 1567 457 1642 exemplar
468 1565 637 1626 Veronense
652 1567 744 1626 fuisse
759 1568 935 1644 paginarum
951 1568 1049 1627 distri-

96 1649 208 1710 butione
224 1670 259 1710 ea
276 1669 367 1726 quam
382 1651 588 1711 Lachmannus
603 1651 838 1726 repraesentavit
855 1651 887 1710 in
908 1652 1048 1726 editione,

96 1734 174 1794 modo
188 1753 294 1796 verum
309 1735 349 1794 011
364 1729 426 1796 eius
441 1735 606 1808 inventum,
622 1736 787 1794 rectissime
801 1736 918 1794 monuit
933 1735 1049 1794 Schwa-

95 1817 155 1876 bius
168 1839 218 1896 pg.
233 1817 389 1878 XXVIIII.
419 1817 463 1876 De
480 1838 538 1894 qua
551 1837 583 1877 10
599 1821 629 1876 01
648 1818 721 1876 mihi
742 1819 817 1877 duco
837 1820 940 1892 paucis
962 1837 1049 1895 agen-

96 1901 172 1976 dum,
195 1921 262 1961 eum
283 1903 443 1978 plerosque
463 1903 550 1960 hodie
570 1902 629 1960 iam
643 1902 760 1960 rideam
774 1901 942 1976 improbare
956 1901 1050 1962 Lach-

95 1987 185 2045 manni
200 1987 392 2046 sententiam.
431 1984 558 2055 Quidam
573 1985 663 2044 etiam
678 1985 812 2060 cupidius
829 2004 917 2062 quam
932 1989 1048 2047 cautius

96 2069 155 2128 huic
173 2071 237 2131 1110
253 2070 401 2142 oblocuti,
424 2071 556 2128 omnium
576 2071 677 2128 autem
696 2071 941 2145 inportunissime
956 2071 1048 2131 Theo·

96 2153 175 2213 dorus
190 2154 339 2231 Heysius,
363 2155 414 2232 qui
433 2153 466 2212 in
487 2155 650 2229 appendice
669 2155 923 2229 interpretationis
939 2153 1049 2214 Catulli

95 2239 173 2311 quasi
192 2238 232 2298 da
250 2238 370 2313 tripode
392 2241 423 2297 et
447 2237 583 2315 neglecta
604 2257 693 2314 quam
712 2237 901 2298 Lachmanno
922 2239 1049 2298 debebat

94 2323 264 2382 verecundia
278 2341 347 2381 eum
366 2322 500 2398 graviter
521 2341 633 2382 errasse
653 2326 811 2386 asseverat.
846 2322 930 2382 Idem
949 2326 1049 2382 tamen

94 2407 269 2482 argumentis
291 2407 328 2464 ad
349 2407 585 2466 convincendum
604 2407 690 2464 illum
713 2407 791 2482 aptis
810 2408 958 2482 pepercit,
981 2426 1049 2466 eon·

93 2491 188 2550 tentus
201 2491 362 2564 addidisse,
379 2491 438 2550 sibi
451 2491 559 2566 prioris
574 2490 667 2566 partis
683 2491 791 2570 codicis
801 2491 953 2567 archetypi
967 2492 1049 2566 pagi·

93 2591 189 2633 narum
219 2575 452 2651 descriptionem
481 2593 544 2634 esse
573 2577 690 2648 notam,
720 2575 757 2633 de
785 2576 958 2651 posterioris
988 2593 1049 2634 non

94 2659 210 2731 perinde
231 2661 377 2719 constare.
393 2689 435 2700 -
456 2659 530 2718 Mihi
551 2659 651 2734 potius
665 2657 784 2718 videtur
803 2659 836 2716 in
854 2660 952 2734 priore
971 2659 1048 2717 libro

92 2743 148 2802 sive
161 2746 197 2802 ut
212 2744 347 2819 apertius
361 2762 425 2802 rem
440 2742 585 2802 declarem
595 2761 689 2819 usqua
702 2744 739 2800 ad
750 2761 774 2802 c.
792 2743 875 2802 501.
894 2745 932 2802 16
948 2744 1048 2818 paullo

92 2827 182 2886 minus
198 2831 312 2887 certem
332 2827 505 2904 firmamque
521 2847 583 2886 esse
599 2827 848 2902 computationem
867 2826 1050 2886 Lachmanni

92 2906 137 2982 (ob
152 2931 216 2970 eam
235 2911 427 2988 potissimum
442 2931 561 2972 eausam
574 2913 610 2970 ut
630 2911 735 2987 opinor
749 2911 830 2987 quod
849 2911 970 2986 gravius
986 2914 1049 2970 erat

91 2992 198 3055 lacunis
214 2991 402 3074 depravate);
424 2997 476 3056 sed
490 2997 527 3054 ab
543 2996 598 3055 hoe
612 2995 682 3054 inde
695 3013 744 3055 res
758 2998 821 3054 tam
836 2996 914 3054 clara
929 2997 1048 3070 tamque

91 3083 253 3154 comperta,
275 3080 351 3139 nihil
372 3083 407 3138 ut
426 3080 531 3156 magis.
566 3079 671 3155 Neque
692 3081 940 3155 veroquisquam
959 3078 1048 3153 valet,

91 3163 166 3236 quod
186 3165 248 3224 fuit
263 3165 317 3241 qui
336 3165 495 3226 miraretur
507 3163 730 3224 Lachmannum
743 3163 860 3221 nullum
874 3163 970 3222 titulis
986 3183 1048 3222 car·

89 3245 200 3306 ninum
220 3249 255 3308 in
275 3266 416 3308 versuum
431 3249 651 3323 computatione
666 3247 823 3322 reliquisse
844 3245 957 3306 locum:
978 3266 1049 3306 nem

90 3333 211 3402 potuere
228 3327 325 3404 additi
337 3351 399 3390 esse
414 3333 460 3392 illi
474 3331 611 3408 margini,
627 3333 663 3390 ut
674 3342 762 3405 sa'epe
777 3333 809 3390 in
820 3333 949 3392 vetustis
963 3331 1048 3390 libris

91 3412 215 3492 sactum,
245 3417 308 3476 nisi
328 3416 428 3491 potius
450 3415 604 3475 Schwabio
626 3415 764 3480 ducerem
784 3415 981 3486 accedendum
996 3415 1049 3490 qui
