2666 4138
231 223 271 288 18
638 226 782 282 rmum
1108 225 1197 297 [vm

292 389 419 456 Nacta
440 388 580 454 difficilis
602 410 701 473 puero
721 392 830 453 tamen
851 410 920 453 esse
942 391 1102 453 memento

336 473 555 558 (Persequitur
576 474 688 557 poenis
714 474 818 538 tristia
841 473 926 537 facta
946 472 1086 559 Venus),

293 558 428 622 Munera
448 579 508 622 nec
528 579 658 641 poscas:
681 557 737 621 det
755 578 887 620 munera
909 579 1007 621 canus
1029 561 1170 641 amator,

244 656 279 706 30
334 641 380 706 Vt
400 643 509 706 foveas
530 643 621 706 molli
641 641 759 726 frigida
779 641 922 705 membra
943 642 1025 705 sinu.
1319 711 1320 744 1

295 726 407 792 Carior
428 729 479 790 est
501 747 577 790 auro
599 725 737 808 iuvenis,
761 725 812 790 cui
833 725 916 789 levia
937 725 1064 810 fulgent

338 804 402 876 Oia
423 831 483 874 nec
506 810 669 893 amplexus
692 831 803 892 aspera
823 809 924 872 barba
944 811 1028 874 terit.

295 894 381 958 Huic
401 897 438 958 tu
460 894 632 958 candentes
654 913 764 958 umero
787 914 931 978 suppone
952 895 1104 978 lacertos,

209 997 213 1004 ·
339 978 383 1043 Et
403 999 516 1064 regum
536 999 672 1063 maguae
694 977 908 1062 despiciantur
929 999 1014 1061 opes,

245 1072 278 1126 35
293 1063 339 1126 At
360 1061 470 1126 Venus
491 1063 633 1127 inveniet
654 1084 752 1146 puero
774 1063 978 1126 succumbere
1000 1061 1128 1146 furtim,

337 1145 423 1210 Dum
444 1147 538 1210 timet
572 1149 610 1210 ut
630 1149 757 1210 teneros
781 1149 929 1211 conserat
949 1167 1049 1230 usque
1071 1147 1178 1230 sinus,
1319 1175 1320 1220 3

294 1230 339 1296 nt
361 1230 435 1293 dare
457 1196 619 1294 anhelanti
640 1231 858 1314 pugnantibus
879 1229 986 1293 umida
1008 1230 1127 1314 linguis
1319 1225 1320 1318 l

208 1319 210 1324 '
340 1313 457 1378 Oscula
478 1316 511 1376 et
531 1313 566 1376 in
589 1312 672 1377 collo
694 1313 792 1398 figere
814 1313 908 1378 dente
928 1317 1032 1378 notas

297 1395 377 1464 Non
404 1396 486 1480 lapis
519 1395 603 1460 hanc
630 1417 838 1482 gemmaeque
870 1398 994 1546 iuvant'l,
1029 1419 1109 1482 quae
1140 1399 1202 1462 fri·

864 1503 918 1546 ore
941 1503 1010 1547 soa
1319 1513 1320 1530 κ

246 1577 281 1630 40
338 1564 487 1630 Dormiat
508 1567 541 1630 et
560 1565 642 1630 nulli
663 1566 706 1630 sit
727 1566 842 1650 cupien
903 1566 983 1630 viro.
1319 1531 1320 1598 l

262 1635 285 1792 u
297 1649 371 1714 Heu
394 1671 463 1714 sero
486 1653 654 1715 revocatur
675 1671 764 1714 amor
785 1671 918 1734 seroque
939 1651 1082 1735 iuventa,

343 1733 425 1800 Cum
446 1737 537 1798 vetus
559 1734 672 1798 infecit
694 1756 774 1800 cana
795 1738 924 1799 senecta
947 1738 1050 1818 caput.
1319 1795 1320 1804 ι

296 1817 379 1884 Tum
401 1817 540 1882 studium
566 1819 734 1884 formaest:
764 1840 855 1884 coma
882 1821 952 1884 tum
978 1822 1134 1904 mutatur,
1163 1823 1201 1886 ut

841 1925 943 1968 annos
1319 1921 1320 1964 1

343 1986 532 2052 Dissimulet
554 1987 647 2052 viridi
669 1987 787 2052 cortice
808 1987 910 2052 tincta
929 1989 1035 2052 nucis:

248 2085 281 2133 45
296 2071 421 2135 Tollere
443 2075 513 2134 tum
536 2075 642 2134 curast
662 2071 752 2134 albos
775 2094 793 2134 a
819 2073 919 2156 stirpe
940 2073 1071 2156 capillos
1319 2107 1320 2194 p

339 2153 384 2218 Et
405 2154 521 2218 faciem
543 2154 673 2238 dempta
693 2155 777 2238 pelle
798 2156 917 2221 referre
938 2177 1064 2222 novam.

298 2239 344 2302 At
364 2242 414 2320 tu,
438 2238 513 2301 dum
535 2239 631 2321 primi
651 2239 745 2302 floret
765 2239 825 2304 tibi
846 2242 999 2326 temporis
1021 2245 1123 2325 aetas,

340 2321 453 2386 Vtere:
475 2343 542 2385 non
563 2323 654 2388 tardo
677 2323 795 2388 labitur
816 2325 873 2389 illa
893 2326 983 2409 pede.

201 2455 203 2460 -
297 2405 371 2472 Neu
385 2405 568 2470 Marathum
582 2410 634 2472 tor
656 2430 713 2472 ue:
730 2429 828 2492 puero
844 2431 925 2493 quae
939 2409 1043 2495 gloria
1058 2410 1202 2476 rietost‘?

249 2503 282 2552 oo
338 2490 377 2554 In
399 2493 520 2555 veteres
543 2494 611 2556 esto
634 2429 726 2574 dura,
749 2493 870 2577 puella,
894 2515 995 2558 senes.

298 2575 397 2639 Parce
418 2596 531 2658 precor
552 2578 679 2640 tenerer
701 2597 768 2640 non
788 2577 836 2640 illi
858 2579 982 2642 sontica
1003 2581 1142 2662 censeat,

341 2658 404 2724 Sed
424 2659 542 2723 nimius
565 2659 633 2724 luto
656 2682 789 2746 corpora
809 2661 909 2748 tingit
929 2683 1027 2727 amor.

298 2742 359 2808 Vel
381 2744 477 2808 miser
499 2743 624 2808 absenti
645 2748 782 2810 maestas
804 2767 901 2830 quam
921 2767 1015 2830 saepe
1036 2747 1183 2830 querelas

341 2826 469 2892 Oonicit
491 2831 523 2892 ct
545 2828 685 2894 lacrimis
708 2831 816 2894 omnia
837 2832 933 2916 plena
953 2830 1098 2895 madent!

247 2925 283 2974 65
298 2911 400 2988 ‘Quid
421 2934 472 2976 me
495 2913 660 2996 spernis?’
683 2914 737 2979 ait.
768 2919 911 2998 ‘poterat
933 2915 1077 2980 custodia
1098 2915 1204 2984 vinci:

340 2996 414 3081 Ipse
437 2996 524 3062 dedit
546 2998 668 3082 cupidis
690 2999 802 3063 fallere
823 3021 918 3084 posse
941 3000 1027 3064 deus.

297 3080 386 3148 Nota
407 3079 517 3147 Venus
539 3083 657 3146 furtiva
678 3082 802 3166 mihist,
825 3087 862 3148 ut
883 3084 964 3148 lenis
987 3086 1101 3169 agatur

342 3165 495 3250 Spiritus,
518 3169 555 3230 ut
575 3187 635 3231 nec
657 3167 734 3231 dent
756 3168 865 3232 oscula
885 3172 979 3253 rapta
1000 3189 1132 3233 sonum:

298 3249 343 3315 Et
363 3271 494 3333 possum
515 3250 620 3314 media
642 3252 785 3336 quamvis
807 3253 958 3337 obrepere
980 3255 1074 3317 nocte

249 3346 284 3396 oo
339 3333 384 3397 Et
405 3333 541 3416 strepitu
562 3335 651 3399 nullo
676 3338 759 3402 clam
779 3359 920 3402 reserare
942 3337 1038 3402 fores

200 3423 202 3428 '
299 3415 382 3493 Quid
426 3421 539 3481 rosunt
561 3422 662 3504 artes,
683 3423 834 3487 miserum
857 3423 885 3486 si
906 3421 1027 3506 spernit
1040 3423 1209 3492 amantem

340 3501 385 3566 Et
441 3501 490 3585 git
512 3523 550 3566 ex
571 3504 642 3586 ipso
665 3527 759 3570 saeva
778 3506 885 3590 puella
905 3505 999 3571 toro?
