2630 4110
464 224 677 284 PRAEFATIO.
984 241 1046 290 ux

88 389 220 449 abhorret
243 389 281 449 ab
307 392 388 451 omni
409 393 620 468 probabilitate
642 393 779 454 dominos
793 396 855 454 tam
869 397 975 457 tennes
992 397 1045 456 du·

86 474 151 549 piioi
165 475 289 534 'victime
301 477 418 551 plaoare
433 477 538 538 solitos
553 496 616 538 esee
632 477 784 553 Priapum.
979 515 982 522 »

143 559 184 617 ib.
203 559 241 618 17
262 561 305 620 eiu
324 578 395 638 ego,
417 561 469 622 too
488 561 553 620 odd.
575 564 639 622 eine
659 567 765 622 metro.
801 563 882 622 Illud
902 565 1044 625 uiridem

16 659 17 662 ¹
88 642 161 702 ualet
174 641 256 719 quod
268 662 366 720 saepe,
381 647 416 704 ut
429 647 612 721 puta-qualo
625 651 667 708 eet
675 663 926 722 praetermorem
939 655 1042 712 etatae.

462 913 662 924 m

311 1127 375 1202 DE
400 1129 575 1204 METRJS
601 1129 815 1207 CATVLLI.
912 1203 913 1206 ,

141 1313 205 1376 lum
226 1318 387 1392 antequam
408 1318 445 1376 ad
461 1317 657 1378 enarrandam
671 1319 852 1380 erotioorum
867 1323 962 1382 artem
977 1341 1041 1384 ver·

85 1418 163 1460 enum
184 1401 589 1478 aoeingimur‚j11udvolim
611 1404 737 1464 lectores
755 1408 956 1481 praemonitos
981 1427 1042 1467 non

85 1487 136 1544 nisi
148 1487 321 1560 potissimae
332 1503 462 1562 quaeque
477 1487 559 1564 leges
571 1491 738 1548 metrorum
751 1489 797 1550 his
811 1492 938 1566 proponi
954 1510 1042 1567 opus-

85 1569 160 1642 uuiie,
184 1587 254 1630 oum
268 1572 299 1630 et
312 1570 358 1630 illi
372 1570 424 1646 qui
438 1571 525 1646 plura
537 1589 658 1633 noeoere
672 1574 768 1634 velint
782 1573 818 1634 de
832 1575 921 1635 rebue
936 1574 1040 1648 isdem,

85 1653 162 1714 iaoile
175 1655 296 1730 possint
307 1657 410 1732 petere
429 1656 545 1731 reliqua
559 1675 594 1716 er
608 1657 686 1717 libro
699 1660 812 1732 nostro,
834 1661 865 1717 et
878 1657 1042 1719 uerendum

85 1738 167 1798 sitne
180 1738 249 1799 eliis
264 1738 316 1814 qui
330 1757 434 1799 senene
448 1741 544 1817 magis
555 1759 648 1816 quam
661 1759 801 1801 numeros
815 1743 850 1801 in
862 1743 1042 1802 carminibus

85 1825 212 1897 spectant
232 1823 284 1884 vel
302 1841 395 1899 pauca
413 1823 485 1884 haeo
502 1842 579 1900 quae
599 1825 785 1900 proferemus
805 1826 963 1885 videantur
977 1845 1042 1886 esee

84 1924 176 1966 mmm.

141 1991 274 2068 Itaque
295 1994 331 2050 et
349 1993 503 2068 regulae
524 1992 634 2052 matri
654 1991 772 2051 latini
792 1995 831 2052 et
851 1994 1041 2068 exceptio·

85 2093 142 2135 nes
169 2078 361 2152 quotquot
390 2077 653 2151 inveniuntur,
685 2075 797 2136 simul
825 2079 862 2136 et
890 2077 1043 2138 diversa

85 2163 270 2232 poetarum
291 2177 405 2235 aeque
426 2161 604 2221 bonorum
625 2159 741 2220 isdem
762 2161 936 2222 derebus
962 2163 1040 2238 ple-

85 2243 154 2304 oita
180 2247 329 2320 septem
363 2246 602 2320 potissimum
639 2246 830 2306 contineri
865 2246 1042 2305 videntur

85 2327 205 2389 oensis.
247 2327 405 2399 Quarum
434 2330 553 2405 prima
580 2330 686 2389 uenit
714 2330 756 2389 ab
783 2330 866 2406 ipsa
894 2330 1041 2390 ratione

84 2415 279 2472 metrorum
300 2415 338 2472 et
358 2417 504 2472 secrete
523 2413 673 2489 pulohri
693 2414 793 2490 lege,
810 2415 933 2474 ultera
947 2431 964 2472 e
978 2432 1041 2474 vo·

85 2495 299 2557 oebnlorum
320 2497 455 2572 quibus
482 2500 643 2558 utuntur
670 2501 805 2573 poetae
828 2498 1041 2574 plerorum-

85 2598 144 2654 que
164 2580 400 2654 condicione,
421 2583 540 2640 tertia
569 2599 779 2642 aseneunm
805 2583 841 2644 vi
867 2600 935 2640 eeu
958 2599 1041 2656 pro·

84 2665 256 2738 prietate‚
271 2683 341 2740 qua
355 2665 556 2740 aliquando
581 2667 825 2725 invertuntur
839 2665 944 2741 loges
958 2683 1041 2724 ver·

85 2765 151 2823 sue,
172 2753 308 2825 quarta
328 2769 345 2808 e
365 2768 585 2826 progressu,
610 2767 715 2825 quem
735 2750 773 2808 in
793 2751 873 2807 arte
893 2740 1042 2809 feoiun't

85 2833 235 2894 subinde
260 2836 407 2910 poetae,
428 2833 559 2909 quinta
583 2853 601 2892 a
624 2835 797 2894 novitate
821 2835 1040 2909 metrorum,

85 2919 182 2977 eexta
216 2918 261 2978 ab
302 2917 536 2993 optimorum
576 2917 842 2993 exemplorum,
884 2935 1041 2994 quorum

84 3003 276 3074 proevalet
302 3003 522 3075 auotoritas,
558 3001 797 3076 differentia,
833 3001 996 3075 septime
1024 3019 1043 3058 a

84 3083 304 3146 diversitate
319 3086 530 3144 carminum.

139 3169 163 3228 I.
178 3170 279 3248 Igitur
292 3187 360 3228 oum
373 3170 469 3246 prime
482 3169 695 3246 potissimaque
709 3169 759 3228 lex
773 3167 814 3228 eit
823 3184 928 3228 verene
939 3166 1041 3227 Letini

84 3281 120 3295 -
131 3271 201 3316 nam
221 3253 301 3330 apud
315 3252 443 3314 Grueooe
462 3272 523 3314 non
542 3253 665 3329 perinde
685 3253 821 3312 servetur
835 3281 877 3296 -
891 3253 926 3310 ut
945 3252 1041 3312 ouius-

83 3335 124 3396 rie
138 3337 249 3398 ordinis
262 3338 380 3396 metrici
393 3337 460 3398 iinie
477 3337 614 3412 proprios
629 3337 686 3396 eibi
699 3335 812 3396 referet
832 3355 989 3410 numeros,
1009 3338 1043 3394 at

83 3419 163 3481 initia
183 3422 279 3482 ferme
301 3421 466 3481 habeantur
484 3419 696 3495 indifferenter,
716 3420 777 3480 iam
797 3423 921 3498 apparet
935 3421 1042 3494 sponte

82 3501 124 3565 hie
142 3507 179 3568 ob
198 3506 276 3566 illud
295 3506 395 3582 ipsum
413 3505 556 3566 maiorem
575 3505 693 3566 evenire
707 3505 886 3568 libertatem.
917 3501 1044 3562 Constat

798 3617 836 3671 0*
