2628 4116
457 199 692 258 FRAGMENTA.
1012 197 1052 262 ’Π

95 381 167 420 suere
192 363 405 432 Bemhardyus,
431 361 579 429 Bactrius,
606 362 758 418 Teuffelius
786 363 816 417 in
842 363 922 418 libris
953 363 1055 430 quibus

95 433 245 488 litterarum
262 432 418 486 latinarum
435 429 581 484 historiam
599 432 664 484 sunt
680 429 828 499 persecuti.

137 499 214 554 Nota
231 515 282 567 pro
299 497 399 553 Laevii
416 497 527 553 nomine
545 497 708 566 saepissime
727 515 744 552 a
761 497 885 552 librariis
901 497 1055 552 substituta

95 565 188 634 Laelii,
206 564 335 631 Laevini,
359 564 473 630 Naevii,
493 563 590 630 chii,
608 563 693 632 Livii,
711 564 839 633 Pacuvii,
862 580 918 620 non
941 564 1055 622 nisibis

95 639 166 688 terve
184 636 216 688 nt
234 634 373 686 sincerum
391 632 537 700 appareat.

364 784 389 850 I.
423 783 776 851 EROTOPAEGNIA.

139 917 163 966 1.
193 923 280 999 nunc
303 902 387 986 quod
409 924 515 968 meum
536 901 709 968 admissum
730 923 850 968 nocens

193 986 297 1051 hostlt
317 986 514 1051 voluntatem
535 989 632 1052 tuam.

138 1086 248 1140 Nonius
259 1103 306 1155 pg.
320 1091 382 1140 121:
399 1085 505 1142 hostire
517 1085 671 1152 offendere,
683 1085 810 1151 laedere,
824 1085 962 1141 Pacuvius
975 1088 1055 1154 (corr.

96 1153 184 1222 itere.)
197 1153 418 1232 erotopaegnicn
429 1153 479 1208 lib.
489 1153 518 1232 ,H
536 1170 559 1207 e.
573 1171 599 1221 q.
613 1169 633 1206 s.
663 1159 766 1206 ‘nunc'
784 1151 930 1232 Bentrnus,
950 1153 1055 1209 ‘hunc’

97 1222 152 1276 cdd.
171 1221 237 1274 sunt
253 1221 367 1274 iambici
385 1220 510 1287 dimetri,
528 1222 562 1274 ut
577 1220 713 1290 pleraque
731 1219 833 1276 Laevu.

139 1337 164 1385 2.
194 1326 291 1387 nocte
313 1322 426 1406 dieque
448 1322 609 1387 decretum
632 1325 665 1386 et
686 1325 822 1386 auctum.

139 1421 297 1477 Priscianus
314 1439 361 1491 pg.
374 1427 437 1477 869:
456 1437 474 1474 a
491 1421 620 1478 decresco
633 1437 745 1490 quoqne
760 1422 928 1477 ‘decretum’
944 1422 973 1477 Ι..
991 1438 1056 1492 pro-

96 1491 156 1543 tulit
180 1489 210 1543 in
236 1490 277 1543 ΙΙΙ
302 1489 524 1557 erotopcegnicn
551 1505 574 1544 e.
598 1505 625 1557 q.
647 1505 668 1544 s.
708 1489 750 1544 De
772 1494 863 1544 metro
889 1490 959 1544 nihil
986 1491 1057 1545 certi

97 1557 224 1612 affirmari
241 1557 343 1625 potest.
672 1595 676 1604 .

141 1672 165 1721 3.
197 1657 374 1722 meminens
395 1657 499 1723 Varro
522 1659 615 1723 corde
637 1659 770 1724 volutat.

141 1757 225 1812 Prisc.
246 1775 293 1827 pg.
311 1763 374 1812 922:
396 1756 512 1812 memini
534 1757 697 1812 meminens.
736 1757 765 1811 L.
785 1774 808 1811 e.
830 1758 859 1810 in
877 1755 931 1810 IIII
949 1773 972 1810 e.
991 1771 1018 1824 q.
1036 1774 1058 1810 s.

97 1825 287 1894 anapaesticus
305 1824 431 1880 dimeter.
466 1826 520 1880 Pro
537 1825 587 1879 illo
607 1825 728 1879 ‘Varro’
751 1824 867 1892 quidam
888 1823 966 1878 cuius
984 1839 1057 1878 nunc

97 1907 194 1947 nomen
211 1892 316 1948 excidit
334 1901 442 1960 ‘varc’,
460 1891 519 1947 sine
537 1909 630 1946 causa.

143 2007 168 2058 4.
199 1993 424 2059 Andromache
444 2016 502 2078 per
523 1993 633 2058 ludum
654 2013 753 2058 manu

197 2079 350 2144 lascivois
371 2099 409 2143 ac
429 2079 582 2142 teneliula

198 2163 294 2246 capiti
316 2183 388 2228 meo
410 2161 589 2246 trepidans,
611 2162 715 2228 libens

197 2247 327 2311 insolita
347 2247 450 2331 plexit
470 2269 611 2311 munera.

145 2345 225 2400 Prisc.
241 2362 290 2416 pg.
304 2352 366 2401 903:
383 2345 453 2400 facit
470 2348 499 2401 et
515 2345 610 2416 plecte
627 2344 707 2416 plexi
723 2345 848 2414 antique.
882 2345 912 2400 1..
924 2344 953 2399 in
965 2343 992 2398 V
1009 2344 1060 2412 (VI

99 2411 324 2482 Carolirnhensis)
348 2430 385 2468 er.
404 2430 427 2468 e.
446 2430 472 2481 q.
491 2431 511 2467 s.
534 2413 600 2468 libri
622 2413 738 2481 quidam
756 2415 905 2491 ‘erotopae
944 2412 992 2466 ion
1012 2413 1060 2490 tef

99 2480 144 2532 vel
160 2481 222 2535 ‘de’
245 2480 305 2535 sive
328 2480 617 2550 ‘erctcpaegnionte’,
639 2497 706 2535 mox
722 2496 817 2537 omnes
835 2489 911 2534 ‘rneo
926 2481 963 2534 'tc
1000 2479 1060 2534 lexr

99 2549 230 2604 mnners'.
249 2549 326 2604 Corr.
344 2546 465 2602 Grotius.
500 2547 572 2602 Sunt
593 2549 689 2603 autem
706 2547 835 2603 Hectoris
853 2549 948 2603 verba.
1010 2548 1059 2600 cta

99 2611 356 2688 Laeviumlfabuias
372 2615 477 2684 priscas
494 2615 524 2670 in
541 2615 634 2670 lusum
647 2618 676 2670 et
689 2615 836 2670 lasciviam
853 2615 1058 2670 deflectentem.

147 2719 169 2768 t.
198 2708 417 2792 lasciviterque
439 2707 562 2773 ludunt.

151 2806 226 2864 Char.
244 2825 292 2878 pg.
312 2814 361 2864 183
378 2826 399 2863 s.
411 2825 438 2862 v.
449 2807 605 2864 lasciviter:
622 2809 742 2864 Laevius
762 2807 994 2878 ἐρωτοπαιγνίων
1011 2794 1059 2862 VI.

100 2869 150 2926 Est
165 2877 364 2932 anacreontius.

150 2979 173 3029 a
200 2967 309 3034 Venus
324 2969 441 3034 amdris
456 2967 551 3033 altrix
572 2969 719 3056 genetrix
736 2966 955 3054 crippiditdtis‚
977 2967 1058 3030 mihi

200 3057 280 3137 quae'
307 3053 392 3118 diem
416 3057 563 3118 sere'num
589 3053 727 3118 hildrula
754 3051 971 3137 praependere
993 3053 1059 3115 cre‘·

201 3139 241 3202 sti
262 3137 431 3222 dpseculae‘
452 3141 525 3202 tuae
547 3138 583 3203 sic
605 3137 785 3218 ministrae,

201 3221 263 3286 e‘tsi
294 3243 336 3286 ne
368 3222 511 3305 utiquim
545 3221 621 3306 quid
653 3221 738 3285 foret
770 3216 924 3302 expavida
952 3219 1059 3304 gravis

202 3304 277 3370 ddra
309 3305 379 3369 fera
410 3306 522 3390 deperi
544 3327 583 3369 ue
611 3303 762 3368 ramelias
794 3301 888 3386 potui
918 3303 1060 3388 dominio

201 3409 252 3471 epo
274 3389 416 3474 accipere
440 3393 535 3474 supe‘r
558 3411 587 3454 0.

154 3483 285 3544 Charisius
306 3506 354 3559 pg.
372 3495 422 3546 288
440 3488 474 3543 K.
499 3488 543 3543 ‘in
570 3486 702 3558 pterygio
724 3486 870 3543 Phoenicis
892 3487 990 3544 Laevii
1011 3499 1061 3540 nc·
