2636 4146
129 213 177 286 x.]
518 213 626 268 amne
647 213 711 270 rm
1057 209 1098 274 75

174 375 275 460 Inque
297 397 404 440 meum
426 397 551 460 semper
573 379 660 440 stent
679 379 736 440 tua
756 397 857 462 regne
879 379 982 460 caput.

131 457 213 526 Inde
236 463 405 524 coronatas
426 459 482 524 ubi
502 463 573 523 ture
594 460 731 544 piaveris
753 481 840 542 aras,

174 543 306 609 Luxerit
327 547 359 608 et
379 546 450 607 tota
469 543 598 608 flemma
619 544 758 609 secunda
780 544 890 626 domo,
1065 555 1098 606 20

135 628 187 694 Sit
207 648 336 692 mensae
357 627 456 710 ratio,
477 648 605 711 noxque
626 628 712 692 inter
732 627 849 712 pocula
870 631 991 710 currat,

163 711 220 776 Et
241 711 369 776 crocino
391 733 485 776 nares
506 732 650 776 murreus
671 715 773 796 unget
794 732 894 796 onyx,

131 795 225 860 'libia
245 795 409 860 nocturnis
431 796 617 860 succumbat
637 815 733 860 rauca
755 795 893 879 choreis,

174 878 219 944 llt
240 879 306 943 sint
326 879 487 962 nequitiae
509 879 610 944 libera
630 880 727 944 verbe
748 883 836 964 tuae,

131 962 309 1046 Duloieque
330 963 476 1047 ingratos
498 962 642 1028 adiment
663 964 809 1028 convivia
831 984 977 1046 somnos,
1062 973 1096 1024 25

175 1046 308 1112 Publica
327 1047 450 1111 vicinae
472 1050 651 1132 perstrepat
671 1069 748 1111 aura
767 1048 854 1114 vise:

14 1129 16 1204 l
134 1129 184 1198 Sit
205 1151 274 1195 sors
296 1133 329 1195 et
348 1131 442 1196 nobis
463 1131 601 1196 talorum
622 1131 797 1216 interprete
817 1131 918 1214 iactu,
986 1154 987 1157 ¹
1120 1123 1123 1128 ’

14 1255 15 1278 r
175 1213 277 1291 Quem
299 1214 450 1311 gravibus
470 1215 585 1300 pennis
607 1215 752 1280 verberet
772 1215 827 1280 ille
849 1237 937 1300 puer.

133 1297 215 1364 Cum
236 1299 333 1362 fuerit
353 1298 463 1364 multis
486 1302 597 1364 exacta
617 1299 786 1364 trientibus
808 1299 902 1382 horo,

174 1381 290 1448 Noctis
312 1385 344 1446 et
364 1381 512 1447 instituet
532 1403 623 1448 sacra
642 1383 791 1448 ministra
810 1382 936 1465 Venus,
1062 1395 1097 1444 eo

14 1557 15 1560 Ἴ
133 1467 253 1531 Annua
275 1466 434 1530 solvamus
455 1465 597 1532 thalamo
619 1467 789 1532 sollemnia
808 1471 937 1551 nostro,

174 1549 364 1633 Natalisque
383 1550 431 1616 tui
454 1550 500 1616 sio
520 1573 711 1636 peragamus
733 1551 804 1616 iter.

538 1680 691 1691 ——-

537 1761 571 1837 X
612 1763 645 1836 X
682 1819 691 1837 .

135 1887 217 1964 Quid
239 1887 370 1970 mirare,
392 1907 497 1951 meam
519 1885 546 1950 si
567 1759 677 1950 viserit]
694 1885 815 1950 femina
835 1885 935 1949 vitem

175 1970 220 2035 nt
239 1969 341 2035 trahit
361 1969 522 2035 addictum
543 1970 602 2035 sub
624 1991 682 2034 sua
703 1971 774 2034 iura
794 1968 913 2052 virum,

13 2093 14 2108 1
134 2053 338 2138 Criminaque
359 2053 468 2139 ignavi
490 2054 602 2135 cepitis
623 2053 703 2118 mihi
724 2053 831 2151 turpia
852 2053 964 2150 fingis,

177 2139 269 2214 Quod
289 2160 446 2222 nequeam
467 2138 570 2204 fracto
591 2161 738 2222 rumpere
759 2138 866 2202 vmola
886 2136 985 2222 rugo?

132 2221 310 2289 Venturam
330 2222 443 2287 melius
463 2223 626 2308 praesagit
646 2223 756 2287 navita
776 2225 927 2305 mortem,
1080 2233 1098 2284 5

175 2305 365 2372 Vulneribus
388 2306 500 2370 didicit
520 2307 613 2371 miles
634 2307 752 2371 hahere
773 2309 903 2371 metum.
1054 2309 1056 2312 ’

133 2389 201 2456 Ista
221 2412 282 2476 ego
303 2389 476 2474 praeterita
496 2390 613 2454 iactavi
633 2391 730 2454 verba
750 2390 894 2456 iuventa:

176 2475 225 2540 'Pu
245 2497 331 2540 nunc
353 2473 498 2558 exemplo
521 2474 606 2538 disce
627 2474 740 2538 timere
762 2495 843 2538 meo.

135 2559 264 2624 Colchis
285 2559 457 2644 flagrantes
480 2557 685 2624 adamantina
706 2559 765 2622 sub
786 2559 862 2643 iuge
882 2561 992 2624 tauros

175 2643 254 2729 Egit
275 2647 308 2708 et
328 2644 485 2730 armigera
506 2643 627 2729 proelia
648 2644 730 2708 sevit
749 2642 863 2726 humo,
1065 2655 1098 2706 ιο

134 2727 344 2811 Custodisque
365 2727 451 2792 feros
473 2728 587 2792 clausit
609 2727 765 2812 serpentis
787 2727 908 2811 hiatus,

176 2811 242 2876 Iret
262 2816 298 2876 ut
318 2811 476 2876 Aesonias
498 2833 593 2876 aurea
613 2812 688 2876 lena
709 2812 830 2876 domos.

132 2898 223 2961 Ausa
243 2895 334 2960 ferox
356 2895 395 2959 ab
418 2915 498 2977 equo
521 2893 682 2978 quondam
704 2915 890 2980 oppugnare
913 2894 1041 2980 sagittis

175 2979 312 3044 Maeotis
334 2978 481 3044 Danaum
502 2977 705 3043 Penthesilea
725 2981 824 3062 rates3

133 3067 241 3128 Aurea
264 3064 313 3128 cui
334 3067 504 3148 postquam
525 3061 657 3126 nudavit
678 3062 802 3126 cassida
823 3061 977 3144 frontem,
1066 3073 1097 3125 lo

177 3147 264 3213 Vicit
284 3149 438 3213 rictorem
460 3146 595 3212 candida
616 3147 720 3211 forme
740 3146 853 3210 virum.

133 3231 291 3316 Omphale
312 3231 348 3296 in
368 3235 495 3297 tantum
516 3231 639 3296 formae
660 3229 817 3314 processit
837 3229 1008 3314 honorem,

175 3316 277 3399 Lydia
299 3315 431 3401 Gygaeo
453 3315 556 3380 tincta
576 3315 684 3398 puella
705 3314 792 3396 lacu,

14 3383 15 3420 ³
135 3400 192 3482 Vt,
216 3401 270 3483 qui
291 3403 407 3484 pacato
430 3399 595 3466 statuisset
616 3399 651 3463 in
673 3399 749 3463 orbe
771 3398 951 3480 columnas,

174 3484 255 3550 Tam
275 3484 353 3550 dura
374 3483 516 3550 traheret
535 3483 646 3548 mollia
665 3504 766 3569 pensa
786 3504 894 3547 manu.
