2630 4110
247 257 272 306 x
618 241 831 300 PRAEFATIO.

245 412 316 472 ierit
330 431 392 472 non
414 412 486 473 satis
504 413 635 485 constat,
656 412 715 470 nisi
735 411 814 487 quod
831 430 899 470 eum
916 411 996 487 apud
1007 411 1207 474 Guarinus-um

246 497 391 556 familiam
410 515 464 572 per
485 513 559 555 saec.
581 497 661 554 certe
675 495 731 554 XV
751 495 843 554 fuisse
857 496 1006 571 probabili
1027 515 1096 558 sane
1111 499 1207 558 oonia-

247 585 330 650 ctura
354 580 460 642 statuit
486 579 703 640 Lachmaunus.
754 579 890 639 Videnda
920 580 1010 640 etiam
1034 601 1109 658 quae
1132 582 1208 642 dixit

245 665 396 741 Hauptius
409 665 506 724 libelli
521 663 649 722 academ.
666 683 692 722 a.
708 663 788 724 1857
805 663 878 722 editi
892 684 963 741 pgg.
980 666 1010 724 5.
1026 667 1055 726 6.

332 749 391 810 Sed
410 749 595 824 temporibus
615 747 710 806 udam
724 748 866 823 pleraque
882 767 1046 824 provenere
1060 751 1209 827 exempla-

246 834 291 893 ria
313 834 349 892 ab
364 833 449 892 Italis
470 831 670 908 grammaticis
692 832 881 906 interpolate,
902 851 970 892 cum
984 833 1139 894 studerent
1152 855 1209 910 pro

246 917 328 978 virili
347 919 433 992 parte
452 918 572 991 poetam
593 915 802 975 suavissimum
822 915 875 976 sed
895 919 976 978 cuius
991 919 1084 978 verba
1097 919 1209 980 mirum

246 1001 279 1060 in
293 1002 415 1060 modum
430 1003 530 1060 essent
544 1002 692 1074 corrupta,
703 999 845 1076 adaptare
859 1001 991 1061 lecturis.
1011 1001 1053 1060 Hi
1065 1003 1209 1078 pleraque

232 1086 322 1148 'vitia
333 1104 401 1144 rara
413 1084 555 1144 felicitate
569 1084 682 1160 ingenii
696 1085 895 1160 sustiderunt3
910 1105 1089 1162 quamquam
1100 1105 1139 1146 na
1153 1087 1210 1148 boc

246 1169 367 1246 quidem
380 1169 490 1228 mirum
505 1167 624 1228 eosdem
637 1167 770 1227 nondum
789 1167 907 1228 1111111111
925 1169 1075 1230 iudicandi
1094 1174 1158 1232 arte
1176 1173 1211 1231 in

247 1251 438 1312 emendandis
459 1251 570 1310 Catulli
588 1252 690 1311 uerbis
715 1253 897 1328 saepiuscule
917 1255 1069 1314 aberrasse
1090 1275 1108 1314 a
1126 1275 1208 1316 uero.

247 1336 388 1396 Ceterum
409 1355 476 1396 oum
496 1335 623 1396 maxime
645 1335 800 1396 doctorum
819 1356 921 1396 amore
934 1338 1108 1400 foverentur
1121 1341 1210 1401 huius

247 1422 361 1498 pariter
383 1424 415 1480 et
434 1421 617 1496 reliquorum
632 1421 810 1480 ereticorum
825 1423 969 1496 carmina,
991 1443 1029 1482 ne
1051 1425 1209 1500 insequen-

246 1506 328 1565 tibus
350 1503 470 1580 quidem
490 1503 614 1564 saeculis
634 1504 756 1564 defuere
777 1507 873 1566 critici
899 1508 1077 1569 carminibus
1097 1505 1211 1567 Catulli

247 1589 455 1674 restituendis,
481 1588 622 1660 Quorum-
632 1590 803 1665 potissimos
823 1610 881 1666 qua
895 1591 981 1652 decet
992 1593 1139 1652 brevitate
1153 1592 1212 1652 hoc

247 1673 313 1733 loco
327 1673 576 1749 percensebimus.
604 1673 708 1750 Itaque
723 1677 837 1750 primus
851 1675 1050 1735 nominandus
1057 1675 1210 1736 Anbnius

248 1758 384 1818 Muretus
399 1757 613 1834 elegantissimi
632 1759 734 1818 iudicii
753 1757 841 1818 homo
857 1760 977 1835 aptique
992 1758 1110 1820 Catullo
1125 1761 1211 1836 inge·

247 1843 306 1916 nii,
326 1861 417 1918 porro
432 1841 564 1902 Achilles
581 1841 707 1915 Statius,
727 1842 780 1918 qui
797 1843 872 1900 item
886 1845 1105 1904 commentariis
1120 1844 1211 1906 editis

247 1927 323 1985 benc
345 1927 470 1987 meritus
489 1929 536 1986 est
554 1926 590 1984 de
606 1925 726 1986 Valerio
746 1927 859 2001 pariter
878 1930 966 2004 atque
980 1928 1080 2001 Albio,
1100 1930 1211 1990 melius

247 2014 350 2070 tamen
371 2011 406 2068 de
426 2011 489 2070 illo.
532 2009 647 2068 Deinde
673 2011 882 2072 memorandus
902 2011 1045 2087 Iosephus
1066 2012 1210 2090 Scaliger,

249 2095 331 2154 cuius
350 2095 384 2153 in
403 2097 506 2170 poetas
525 2094 633 2152 latinos
655 2111 741 2152 curae
761 2095 865 2168 quanti
885 2098 985 2155 essent
1009 2097 1211 2158 aestimandae

250 2177 333 2256 (nam
353 2178 473 2254 quidam
492 2177 524 2236 in
543 2177 691 2237 laudando
712 2196 746 2238 eo
766 2179 850 2238 fuere
864 2175 961 2254 nimii)
976 2197 1072 2254 nuper
1085 2181 1117 2238 in
1131 2181 1211 2242 libro

250 2263 286 2322 de
307 2262 436 2322 classicis
450 2261 707 2322 Nederlandorum
726 2261 833 2322 studiis
851 2281 902 2338 pg.
919 2261 980 2320 224
995 2263 1212 2326 demonstravi-

248 2365 325 2406 mus.
368 2345 464 2406 Huius
490 2347 644 2423 ingenium
664 2365 731 2406 cum
755 2347 851 2422 magis
876 2347 1074 2406 vetustiorum
1098 2349 1212 2410 latinae

249 2431 370 2506 linguae
394 2433 547 2490 auctorum
572 2450 662 2507 quam
685 2431 884 2490 recentiorum
908 2431 993 2490 libris
1018 2431 1212 2496 emendandis

249 2518 329 2575 esset
343 2517 459 2590 aptum,
476 2514 608 2589 Catullo,
633 2515 685 2591 qui
698 2515 813 2574 medius
827 2515 890 2574 fere
904 2517 951 2575 est
964 2516 1043 2575 inter
1056 2520 1211 2594 utrosque,

249 2601 379 2658 multum
398 2599 519 2675 profuit.
548 2599 611 2660 Nec
631 2599 829 2676 spernendam
849 2618 918 2660 sana
941 2619 1061 2675 operam
1080 2601 1113 2660 in
1132 2603 1212 2662 eius·

251 2685 320 2743 dem
334 2684 412 2744 libro
431 2685 481 2744 vel
501 2684 683 2744 emendando
697 2685 747 2746 vel
761 2683 934 2760 explicando
954 2685 1111 2744 collocavit
1129 2685 1212 2745 Isaa-

251 2787 302 2828 ous
315 2767 454 2842 Vossius,
475 2769 638 2828 immensae
652 2769 699 2828 vir
714 2769 873 2842 doctrinae,
894 2787 990 2844 neque
1004 2769 1119 2829 hebetis
1133 2770 1211 2829 iudi-

251 2853 298 2924 cii,
320 2853 372 2911 sed
387 2871 473 2928 saepe
488 2853 586 2912 minus
601 2853 752 2928 simplicis,
773 2871 811 2912 ne
826 2853 921 2912 diuam
935 2853 1077 2928 perversi.
1105 2853 1212 2929 Neque

251 2937 368 3002 silentio
388 2936 517 3012 tegenda
536 2955 611 3011 quae
632 2955 741 3012 magna
759 2937 812 2994 illa
826 2937 939 2996 lumina
952 2937 1142 3011 Batauorum,
1157 2938 1212 2998 Ni-

252 3021 352 3079 colaus
366 3019 506 3080 Heinsius
526 3023 558 3078 et
577 3019 723 3080 Iohannes
739 3020 928 3104 Schraderus,
945 3021 1041 3080 eidem
1056 3022 1212 3096 praestite-

185 3121 193 3130 ·
250 3107 323 3164 runt
336 3107 450 3179 poetae.
479 3103 557 3162 Nam
572 3104 653 3164 cuius
667 3104 805 3164 editionis
819 3104 1022 3167 Broulrhusius
1038 3124 1121 3180 spem
1135 3105 1212 3164 fece-

250 3191 300 3247 rat
322 3187 415 3248 doctis
439 3188 622 3261 hominibus,
647 3207 683 3257 aa
706 3207 778 3248 uero
803 3209 863 3248 non
886 3191 1023 3266 pervenit
1048 3189 1085 3248 ad
1110 3188 1212 3250 finem.

253 3271 394 3332 Ceterum
408 3275 577 3348 temporum
592 3273 688 3348 spatio
703 3290 770 3332 cum
785 3273 859 3332 aliae
874 3294 963 3350 super
977 3273 1049 3334 alias
1064 3275 1212 3334 coniectu-

251 3375 301 3416 rae
317 3357 416 3415 essent
434 3357 535 3414 illatae
554 3357 706 3433 inpostea
720 3355 900 3418 Veronensis
919 3359 1039 3431 librum,
1054 3377 1149 3434 neque
1164 3377 1212 3419 co-

251 3440 350 3498 dicum
374 3440 532 3499 meliorum
562 3442 733 3502 testimonia
757 3443 816 3501 iem
840 3444 1072 3519 respicerentur,
1102 3443 1214 3504 sensim

235 3523 361 3598 ‚evenit
381 3527 416 3584 ut
431 3523 582 3585 Catullum
601 3525 635 3586 in
653 3527 719 3604 ipso
739 3527 905 3604 requireres
921 3525 1048 3586 Catullo.
1077 3525 1155 3586 Huic
1167 3527 1213 3586 in·
