2628 4116
247 132 267 194 6
655 129 808 185 cervum

331 295 517 378 Ecquonam
538 291 618 356 mihi
661 291 811 355 rofuisset
832 311 914 354 aere.

330 377 496 464 Respondi
515 375 549 440 id
571 313 659 460 quod
677 378 759 458 erat,
781 373 864 438 nihil
885 393 988 456 neque
1009 372 1090 456 ipsis

250 478 282 526 10
331 462 402 528 Nec
422 458 621 546 praetoribus
643 479 713 523 esse
733 479 793 523 nee
816 457 955 539 cohorti,

333 545 399 612 Cur
420 545 586 630 quisquam
607 546 705 627 caput
725 541 851 607 unctius
873 541 1021 623 referret,

332 629 523 694 Praesertim
545 628 658 712 quibus
681 629 765 690 esset
788 627 967 690 inrumator

333 713 479 796 Praetor,
501 733 568 776 non
588 711 709 776 faciens
730 709 789 794 pili
810 709 983 775 cohortem.

334 799 398 860 ‘At
419 800 503 862 certe
523 799 647 878 tamen,
669 795 833 878 inquiunt,
855 793 941 877 quod
962 793 1028 856 illic

251 894 283 943 15
332 881 454 947 Natum
476 880 591 944 dicitur
612 900 698 963 esse,
720 877 902 962 conparasti

333 965 386 1029 Ad
407 965 552 1029 lecticam
573 962 742 1027 homines?
779 983 855 1046 ego,
877 963 915 1024 nt
934 961 1061 1044 puellae

333 1048 442 1114 Vnum
462 1070 514 1114 me
534 1047 672 1112 facerem
693 1045 883 1128 beatiorem,
1051 1103 1053 1108 ,

334 1132 445 1200 ‘Non’
466 1133 597 1216 inquam
620 1129 717 1194 ‘mibi
737 1132 804 1193 tam
824 1129 887 1194 luit
907 1129 1062 1214 maligne,

332 1214 393 1300 Vt,
413 1216 580 1300 provincia
601 1214 685 1297 quod
706 1213 793 1277 mala
813 1213 995 1295 incidisset,

250 1313 283 1362 20
332 1299 409 1366 Non
429 1314 558 1396 possem
579 1301 652 1362 octo
674 1297 820 1362 homines
841 1319 953 1382 parare
974 1299 1102 1378 rectos?

334 1385 381 1446 At
400 1404 446 1446 mr
466 1383 573 1447 nullus
596 1385 664 1445 erat
685 1403 744 1446 nec
764 1381 818 1445 bic
839 1403 942 1465 neque
963 1381 1045 1462 illio,

334 1466 485 1531 Fructum
506 1467 561 1550 qui
581 1466 697 1530 veteris
718 1465 833 1550 pedem
854 1465 980 1550 grabati

333 1550 375 1614 In
395 1551 478 1615 collo
505 1551 567 1614 sibi
588 1549 743 1614 collocare
764 1553 883 1634 posset.

335 1633 398 1699 Hic
418 1634 490 1717 illa,
511 1636 548 1697 ut
569 1633 675 1698 decuit
696 1634 922 1717 cinaediorem,

250 1731 284 1780 25
335 1717 492 1794 ‘Quaeso’
515 1719 620 1802 inquit
642 1717 754 1801 ‘mihi,
776 1719 821 1782 mi
844 1716 983 1800 Catulle,
1004 1716 1139 1800 paulum

334 1803 428 1868 Istos.
460 1802 625 1868 commode
647 1803 732 1866 enirn
754 1802 826 1866 volo
849 1801 890 1866 ad
912 1801 1057 1885 Sarapim

333 1885 481 1952 Deferri.'
516 1887 682 1950 ‘minime'
704 1885 807 1970 inquii
828 1885 967 1970 puellae,

580 2015 598 2052 a
723 2013 741 2051 1
867 2013 886 2052 1

335 2085 443 2150 ‘Istud
464 2087 549 2170 quod
570 2087 665 2150 modo
691 2087 833 2150 dixeram
854 2109 905 2151 me
926 2085 1060 2167 habere,

334 2169 432 2253 Fugit
452 2191 503 2234 me
523 2171 622 2234 ratio:
644 2191 733 2234 meus
748 2170 873 2251 ,sodalis

250 2267 284 2316 ao
334 2252 470 2318 Cinnast
491 2251 603 2336 Gaius,
625 2253 653 2316 is
676 2253 737 2317 sibi
758 2255 891 2338 paravit.

334 2336 468 2419 Verum,
490 2340 597 2400 utrum
618 2337 704 2400 illius
727 2359 769 2401 an
790 2339 867 2422 mei,
890 2339 966 2422 quid
987 2337 1028 2402 ad
1049 2337 1123 2402 me?

334 2419 417 2484 Vter
437 2423 505 2484 tarn
525 2420 606 2484 bene
628 2442 723 2504 quam
745 2420 825 2486 mihi
845 2423 993 2506 pararim.

335 2503 398 2568 Sed
418 2507 455 2568 tu
475 2504 596 2568 insulsa
616 2505 700 2569 male
722 2528 759 2571 ac
779 2506 917 2570 molesta
936 2507 1017 2571 11111
1023 2555 1032 2588 ,

334 2587 396 2652 Per
417 2609 513 2671 quam
534 2609 601 2651 non
623 2589 699 2652 licet
720 2611 788 2654 esse
809 2590 1051 2676 negligentem!

657 2745 808 2756 ——nna

258 2845 301 2968 ,l
698 2846 761 2921 11.

334 2975 412 3041 Furi
433 2978 466 3040 et
486 2975 614 3060 Aureli,
637 2978 769 3042 comites
792 2977 927 3060 Catulli,

300 3093 318 3137 ,ςΔ
336 3057 409 3124 Sive
430 3061 465 3124 in
487 3064 643 3126 extremos
664 3063 846 3146 penetrabit
866 3061 980 3145 Indos,

67 3157 119 3230 ἧός,
158 3139 258 3246 'pff
315 3142 426 3208 'Litus
446 3148 484 3210 ut
504 3145 601 3230 longe
623 3148 791 3210 resonante
812 3145 884 3210 an

538 3228 695 3294 Tenditur
716 3229 814 3313 unda,

251 3322 268 3372 1
299 3302 320 3386 ξ,
335 3309 409 3375 Sive
430 3311 466 3375 in
485 3310 654 3394 Hyrcanos
675 3314 836 3380 Arabesve
857 3315 986 3400 molles,

300 3392 401 3488 ,Seu
422 3393 518 3460 Sacas
540 3397 774 3482 sagittiferosve
795 3398 945 3482 Parthos,
