2630 4110
226 199 274 246 XL
596 184 812 244 PRAEFATIO.

227 355 339 414 daciam
366 352 528 412 dictionum
555 349 626 430 (qua
651 351 771 428 quidem
797 352 829 410 in
856 371 888 410 re
914 353 1052 412 convenit
1072 352 1100 412 ei
1119 371 1189 413 eum

226 433 373 514 Varrone)
394 437 563 512 pariterque
584 438 622 496 ob
642 436 784 494 materiae
797 436 1011 512 proprietatem
1024 455 1189 512 numquam

226 523 352 580 lectores
373 520 431 580 nisi
450 519 643 597 paucissimos
656 521 760 578 nactus
775 519 815 578 stt
827 519 965 593 Laevius,
986 538 1047 579 non
1062 523 1107 580 est
1119 522 1187 580 her-

227 605 292 663 cule
307 622 359 662 cur
372 604 516 663 miremur
529 602 608 678 quod
623 605 659 662 ab
673 603 798 662 Horatio
812 602 899 662 huius
913 622 974 663 non
987 605 1083 680 magis
1097 624 1187 680 quam

226 688 409 762 reliquorum
429 688 493 747 eius
514 687 682 762 aequalium
703 689 734 744 et
755 687 937 746 consortium
967 687 1058 746 studii
1078 689 1188 748 iniecta
1308 667 1309 736 i

226 772 398 830 estmentio
418 771 471 830 ubi
489 769 604 846 proprii
620 771 757 829 carminis
777 771 923 830 meminit.
952 771 1030 830 Nam
1044 791 1113 830 eum
1126 773 1186 832 Lu·
1308 769 1309 794 ³

162 888 165 898 ι
227 855 312 913 cretii
325 853 504 914 etVarronis
518 857 653 929 tempore
667 855 801 913 floruisse
816 855 872 914 hoc
885 857 932 914 est
946 874 972 912 a.
988 875 1014 913 a.
1023 854 1092 914 Chr.
1107 859 1188 916 ndo

227 940 269 997 eis
289 939 341 1013 qui
360 938 471 997 librum
490 938 620 1013 prImum
639 940 777 996 nostrum
802 937 838 996 de
863 957 896 997 re
915 939 1039 997 metrica
1057 941 1188 1016 legerint

226 1023 310 1080 extra
324 1023 555 1082 controversiam
568 1023 626 1080 erit
638 1022 778 1098 posttum.
801 1021 873 1092 Quis
888 1023 967 1081 enim
981 1024 1100 1098 putabit
1112 1023 1187 1083 Lae-

226 1107 310 1164 vium
325 1107 350 1165 si
363 1105 441 1165 Attii
455 1109 486 1164 et
499 1105 607 1164 Lucilii
622 1108 700 1164 esset
714 1103 844 1180 aequalis
859 1109 911 1164 aut
925 1106 1054 1166 voluisse
1070 1109 1121 1166 aut
1134 1128 1187 1184 po·
1308 1091 1309 1168 ᾗ

226 1189 319 1249 tuisse
339 1190 385 1248 uti
403 1191 487 1248 tante
502 1192 533 1246 et
546 1189 690 1249 varietate
709 1191 874 1248 metrorum
888 1192 919 1249 et
933 1190 1090 1266 elegantia,
1105 1193 1187 1266 quali

226 1291 314 1332 usum
328 1291 392 1332 esse
408 1271 698 1331 demonstrauimus?

289 1356 448 1414 Praeterea
472 1355 622 1414 Ausonius
650 1355 703 1412 ubi
732 1357 866 1415 centonis
895 1357 1037 1432 nuptialis
1067 1363 1187 1420 excusat

226 1439 379 1499 lasciviam
402 1439 475 1498 haec
492 1438 599 1497 habet:
629 1441 714 1496 ‘nam
735 1437 807 1512 quid
826 1439 956 1499 Anniani
976 1443 1183 1518 Fescenninos,

227 1523 299 1598 quid
319 1521 517 1597 antiquissimi
536 1523 641 1597 poetae
655 1521 758 1580 Laevii
777 1525 1009 1600 erotopaegnion
1028 1527 1121 1586 libros
1141 1525 1202 1586 lo·'

228 1606 341 1682 quar?'
370 1605 460 1665 Cuius
480 1607 516 1666 ut
534 1604 691 1664 mediocris
716 1605 891 1667 fitteratoris
916 1610 1015 1669 verbis
1042 1612 1100 1670 etsi
1123 1629 1185 1670 non

229 1691 358 1748 multum
372 1689 450 1748 inest
464 1688 614 1764 ponderis,
629 1691 731 1746 tamen
744 1690 827 1748 nulla
841 1693 922 1750 extat
936 1711 1023 1752 causa
1037 1711 1090 1752 cur
1103 1695 1185 1753 aliud

228 1791 296 1832 eum
316 1776 434 1849 tempus
454 1772 557 1832 Laevii
571 1791 661 1848 quam
675 1771 755 1847 quod
774 1775 1004 1848 supradiximus
1019 1777 1184 1853 significare

226 1857 356 1916 voluisse
372 1856 535 1916 credemus.
566 1855 705 1915 Ceterum
718 1874 779 1914 non
792 1877 915 1932 possum
929 1860 1072 1920 adsentiri
1086 1861 1183 1922 Koilio

227 1942 279 2016 qui
292 1941 462 2016 refragante
477 1940 574 1999 codice
589 1939 785 2014 NeapolItano
801 1939 926 2002 Charisii
940 1943 1043 2004 Iliadis
1058 1945 1184 2022 Cypriae

228 2027 379 2082 auctorem
393 2042 457 2082 esse
470 2022 615 2083 Laeuium
630 2023 771 2082 adsensus
786 2027 833 2083 est
847 2025 990 2088 Schottio.
1019 2029 1066 2088 Ibi
1079 2049 1133 2106 pro
1148 2049 1183 2090 eo

227 2107 307 2182 quod
326 2110 373 2166 est
391 2107 423 2164 iu
441 2106 518 2164 libro
539 2106 651 2180 scripto
663 2105 766 2177 nevius
785 2108 884 2182 potius
898 2109 1002 2170 Ninnii
1015 2131 1125 2172 nomen
1137 2134 1182 2173 re-

227 2189 413 2249 stituendum
433 2189 585 2248 existimo:
617 2189 707 2248 simili
729 2190 837 2266 quippe
856 2194 944 2256 modo
971 2199 1124 2271 peccatum
1152 2200 1183 2258 in

226 2273 372 2334 Prisciani
384 2273 462 2331 libro
476 2272 504 2330 X
520 2267 581 2350 [pg.
598 2268 682 2351 866].
711 2272 788 2332 Nam
801 2275 919 2338 hercule
932 2280 1054 2356 propius
1069 2282 1183 2342 abesta

229 2357 285 2415 fide
304 2357 450 2415 Ninnium
470 2353 608 2415 Crassum
628 2357 680 2432 qui
701 2355 889 2420 Homericam
912 2363 1125 2439 interpretatus
1144 2367 1184 2426 sit

228 2440 322 2499 Iliada
347 2439 437 2498 etiam
466 2437 608 2514 Cypriam
637 2441 762 2501 vertisse
791 2463 881 2520 quam
910 2447 1068 2522 Laeuium,
1095 2466 1183 2525 quem

228 2542 324 2598 neque
349 2523 436 2581 aliier
462 2525 515 2581 aut
539 2522 575 2580 de
595 2521 705 2584 Graeco
733 2528 894 2604 quidquam
918 2533 1106 2592 transtulisse
1132 2537 1184 2592 aut

228 2607 305 2683 epici
319 2606 411 2666 fuisse
426 2606 563 2665 carminis
579 2608 743 2668 studiosum
758 2613 820 2671 ullo
835 2614 923 2674 modo
939 2617 1063 2674 constat.

289 2689 425 2766 Denique
440 2690 477 2747 ad
489 2688 573 2750 Calvi
587 2692 671 2768 frg.3
687 2695 863 2756 conferenda
877 2717 950 2774 quae
966 2699 1041 2758 dixit
1054 2700 1182 2760 Bueche-

226 2775 307 2832 lorus
322 2773 418 2832 Musei
436 2773 569 2832 Rheneni
583 2775 681 2851 XIIII,
697 2779 768 2839 448.
797 2781 834 2841 In
857 2783 894 2842 16
915 2783 1040 2844 fortasse
1055 2785 1183 2846 scriben-

227 2857 299 2916 dum
312 2856 401 2929 furva
414 2875 468 2934 pro
482 2857 572 2930 sulca.
