2636 4146
265 249 305 316 86
644 254 836 310 PROPERTII
1115 255 1242 327 [XVIII.

330 418 432 495 Quam
447 418 551 502 possit
561 420 682 482 vestros
698 417 865 502 quisquam
875 415 1106 502 reprehendere
1119 439 1240 482 cursus

281 515 314 565 10
370 501 414 566 Et
434 499 563 566 rabidae
585 501 729 566 stimulos
751 501 898 588 frangere
919 503 1090 586 nequitiae.

329 586 448 670 Testis,
472 585 599 652 Cretaei
618 585 720 650 fastus
743 606 823 669 quae
868 607 939 650 assa
959 586 1086 652 iuvenci

370 669 480 735 Induit
501 669 572 734 abie
619 691 656 734 ae
678 690 796 734 cornua
815 669 833 734 f
878 670 1024 735 abonis:

330 753 434 820 Testis
456 753 577 818 Thessa
592 755 640 818 'oo
660 754 800 838 flagrans
823 752 981 820 Salmonis
1003 753 1144 840 Enipeo,

372 837 459 914 Quae
481 839 583 903 voluit
603 837 724 921 liquido
745 841 815 902 tota
836 838 941 903 subire
963 839 1032 904 deo.

285 937 316 984 15
333 921 462 989 Crimen
484 926 516 986 et
536 923 592 986 illa
613 922 675 986 fuit
695 921 800 1006 patria
821 943 972 988 succensa
994 917 1123 988 senecia

373 1007 508 1071 Arboris
529 1006 715 1070 infrendes
738 1005 867 1071 condita
888 1006 1019 1090 Myrrha
1038 1029 1151 1072 novae.

293 1097 310 1252 n
329 1088 415 1157 Nam
436 1091 512 1176 quid
526 1090 657 1156 Medeae
677 1091 813 1156 referam
827 1111 890 1174 quo
910 1095 1054 1239 tongere
1074 1092 1192 1156 matris
1314 1195 1315 1198 Ἴ

372 1175 458 1240 Iram
478 1178 626 1240 netarum
648 1175 742 1240 caede
763 1175 864 1260 piavit
884 1196 974 1240 amor

331 1259 453 1336 Quidve
471 1258 734 1356 Clytaemestrae,
746 1263 881 1408 {ropter
895 1281 990 1407 Quam
1004 1263 1072 1324 tota
1083 1259 1237 1344 Mycenis

283 1357 316 1406 20
372 1343 505 1408 Infamis
528 1348 637 1441 stapro
660 1347 726 1408 stat
773 1343 884 1428 elopea
926 1343 1038 1408 ornus?

333 1427 458 1540 Tuque,
481 1449 500 1491 ο
522 1428 633 1492 Minoa
654 1427 837 1493 venundata
858 1427 964 1512 Scylla
984 1429 1099 1513 figura,

373 1511 500 1576 iondes
521 1534 582 1596 pur
605 1533 681 1576 urea
701 1533 803 1598 regna
846 1516 959 1578 aterne
980 1533 1079 1578 ooma.

332 1595 427 1660 Hane
448 1596 546 1681 igitur
589 1600 674 1661 otem
696 1597 787 1681 virgo
831 1596 1022 1680 esponderat
1042 1595 1152 1661 hostis

375 1679 469 1764 Nise,
491 1683 562 1745 tuas
583 1684 692 1765 portas
714 1679 825 1746 fraude
846 1679 977 1746 reclusit
997 1682 1107 1746 Amor.

283 1779 316 1827 25
330 1766 377 1829 At
396 1785 468 1846 vos,
490 1765 657 1850 innuptae,
679 1764 803 1830 felicius
825 1765 907 1830 urite
927 1764 1050 1830 taedas:

377 1847 500 1913 Pendet
521 1847 656 1914 Cretaea
675 1852 779 1914 tracta
799 1849 906 1934 puella
927 1854 1003 1915 rate.

331 1931 408 1998 Non
427 1937 537 1998 tamen
556 1933 705 1998 inmerito
727 1932 833 1998 Minos
855 1932 945 1998 sedet
966 1933 1085 1998 arbiter
1107 1932 1204 2000 Oroi:
1266 1974 1271 1984 ·

373 2015 487 2082 Victor
509 2020 578 2081 erat
598 2017 755 2102 quamvis,
779 2038 896 2101 aequus
917 2018 954 2082 in
972 2015 1065 2082 hoste
1087 2017 1161 2082 fuit.

676 2149 819 2160 ιιι-η·-

615 2231 754 2306 xvnn
780 2233 884 2328 [xxi.

332 2352 444 2421 Credis
466 2377 538 2420 eum
559 2355 623 2420 iam
644 2377 738 2440 posse
760 2360 833 2420 tuae
854 2356 1036 2421 meminisse
1058 2355 1201 2442 figurae,

374 2437 494 2504 Vidisti
515 2461 535 2503 a
555 2439 637 2504 lecto
660 2461 755 2524 quem
775 2440 850 2504 dare
870 2441 941 2505 vela
961 2441 1039 2504 tuo?

333 2521 454 2606 Durus,
477 2525 532 2608 qui
553 2525 641 2589 luero
663 2524 768 2608 potuit
787 2528 910 2590 mutere
931 2523 1087 2608 puellam!

375 2607 527 2690 Tantine,
549 2612 586 2673 ut
606 2608 767 2690 lacrimas,
789 2608 901 2673 Africa
921 2611 991 2673 tota
1011 2608 1096 2672 fuit?

305 2691 381 2755 tAt
401 2695 453 2775 tu,
477 2691 586 2770 stulta,
609 2691 701 2775 deos,
722 2696 759 2756 tu
780 2691 875 2777 fingis
896 2692 1007 2765 inania
1027 2713 1111 2756 vera

375 2775 526 2840 Forsitan
547 2776 601 2840 ille
623 2775 686 2840 alio
708 2779 819 2860 pectas
841 2797 948 2844 amore
969 2780 1062 2842 terat.

333 2857 395 2926 nst
408 2859 468 2924 tibi
482 2859 585 2924 forma
598 2863 727 2945 potens,
744 2863 819 2924 sunt
833 2864 938 2932 eastse
947 2859 1092 2925 Palladis
1108 2865 1216 2947 artes,

376 2945 611 3030 Splendidaque
633 2967 652 3008 a
673 2943 767 3010 doato
788 2943 875 3009 fama
895 2944 1036 3030 refulget
1056 2965 1136 3026 avo,

333 3031 508 3096 Fortunata
529 3029 655 3110 domus,
676 3027 772 3092 modo
795 3029 838 3092 sit
857 3028 918 3093 tibi
938 3021 1020 3092 fidus
1042 3028 1177 3092 amicus.

286 3131 319 3179 ιο
375 3114 473 3180 Fidus
495 3135 564 3178 ero:
586 3114 621 3176 in
641 3117 768 3214 nostros
792 3134 897 3198 curre,
919 3112 1040 3198 puella,
1062 3115 1163 3177 toros.

675 3243 827 3255 ——e-—n

714 3329 794 3404 XX.
888 3404 890 3410 .

333 3453 409 3521 Nox
436 3455 515 3520 mihi
541 3456 644 3540 prima
670 3453 770 3522 venit:
798 3454 920 3540 primae
941 3451 1020 3604 {ff
1046 3457 1199 3538 tempora
1226 3552 1244 3602 8

878 3559 941 3604 noo
990 3559 999 3603 r
1211 3555 1225 3600 r
