2628 4116
103 227 204 297 curun]
502 225 617 284 11000
1003 223 1044 289 43

72 381 80 502 q
101 387 160 452 Heu
176 390 285 454 misere
307 389 474 474 exagitans
496 389 601 454 inmiti
624 389 718 454 corde
739 390 862 456 furores

73 505 76 538 1
102 472 198 538 Sancte
217 495 310 557 puer,
334 473 418 538 curis
440 471 604 538 hominum
648 497 681 538 ur
726 474 819 539 audia
839 474 954 540 11110000
959 523 969 557 ,
1012 470 1070 536 001

72 612 76 622 ,
102 556 230 640 Quaeque
244 558 332 642 regis
348 555 470 642 Golgos
486 495 679 641 quaequebd
724 579 778 624 unr
793 559 996 641 frondosum,
1062 556 1065 597 1

71 637 75 778 q
101 640 235 714 Qualibus
256 642 422 706 incensam
443 641 585 706 iactastis
606 645 713 707 mente
733 643 873 726 puellam

100 723 246 789 Fluctibus
267 725 303 789 in
323 725 406 790 flavo
429 745 523 808 saepe
545 724 673 809 hospite
694 726 921 810 suspiranteml

100 808 225 882 Quantos
246 809 302 874 illa
323 809 400 872 tulit
419 809 585 893 languenti
607 809 701 874 corde
722 811 869 876 timores!

99 891 186 966 Quam
205 896 274 957 tum
295 913 391 976 saepe
411 893 515 978 magis
533 893 693 978 †fulgore
715 893 868 978 expalluit
890 894 972 960 auri!
998 906 1046 957 100

100 975 167 1040 eum
181 999 306 1042 saevom
321 977 452 1060 cupiens
468 979 580 1041 contra
594 977 785 1042 contendere
804 981 983 1042 monstrum

99 1061 154 1124 Aut
165 1065 299 1126 mortem
313 1063 479 1144 oppeteret
489 1059 630 1126 Theseus
646 1063 702 1124 aut
715 1061 856 1145 praemia
869 1061 982 1126 laudis.

99 1142 163 1208 Non
181 1146 305 1231 ingrata
326 1149 435 1210 tamen
455 1145 574 1209 frustra
594 1145 783 1208 munuscula
806 1143 886 1210 divis

100 1226 276 1294 Promittens
296 1229 395 1294 tacito
418 1229 561 1313 succepit
582 1229 656 1292 uota
677 1228 803 1293 labello.

100 1310 170 1376 Nam
189 1313 276 1378 velut
296 1313 331 1378 in
353 1333 477 1378 summo
500 1312 696 1396 quatientem
717 1311 848 1378 brachia
869 1311 973 1378 Tauro
998 1325 1045 1376 roo

101 1393 240 1469 Quorsum
262 1401 317 1462 0110
339 1397 523 1482 conigeram
545 1395 672 1462 sudanti
694 1397 812 1462 cortice
833 1398 945 1481 pinum

100 1477 277 1545 Indomitum
298 1481 415 1546 turben
436 1483 649 1564 contorquens
670 1481 798 1546 flamine
823 1482 921 1546 robur

100 1561 179 1628 Eruit
199 1566 267 1650 (illa
288 1565 400 1648 procul
420 1564 572 1630 radicitus
594 1565 760 1630 exturbata

100 1645 189 1714 Prona
209 1649 308 1733 cadit,
330 1649 394 1714 late
416 1652 509 1732 quast
529 1649 666 1733 impetus
689 1649 783 1714 obvia
804 1648 989 1735 frangens),

101 1729 143 1795 Sic
162 1733 278 1798 domito
300 1755 428 1798 saevom
448 1733 621 1817 prostravit
643 1753 775 1816 corpore
797 1731 938 1796 Theseus
1000 1745 1047 1794 110

100 1813 285 1901 Nequiquam
306 1819 397 1882 uanis
419 1817 591 1882 iactantem
613 1837 732 1881 cornua
752 1817 866 1880 ventis.

100 1897 165 1964 Inde
184 1901 296 1984 pedem
318 1921 428 1985 sospes
448 1903 550 1966 multa
571 1922 643 1965 curn
665 1899 758 1964 laude
779 1899 903 1964 reflexit

99 1981 271 2050 Errabunda
292 2006 409 2070 regens
430 1986 519 2052 tenui
539 1984 675 2069 vestigia
695 1983 767 2066 filo,

100 2065 142 2130 Ne
160 2069 365 2153 labyrintheis
387 2091 404 2134 0
425 2069 558 2135 flexibus
581 2068 797 2154 egredientem

100 2149 178 2217 Tecti
196 2155 400 2218 frustraretur
420 2153 663 2219 inobservabilis
686 2173 781 2218 error.
998 2163 1046 2216 115

101 2234 153 2299 Sed
172 2238 244 2321 quid
266 2259 327 2322 ego
349 2259 369 2301 a
389 2239 492 2321 primo
516 2238 676 2324 digressus
698 2237 836 2302 carmine
857 2237 950 2321 plura
1065 2309 1074 2318 ,

100 2317 343 2404 Conmemorem,
366 2326 403 2385 110
423 2322 571 2405 linquens
593 2321 748 2406 genitoris
769 2321 836 2386 filia
856 2322 992 2403 voltum,

99 2399 138 2466 Vt
155 2407 405 2490 consanguineae
427 2407 631 2490 conplexum,
653 2409 690 2470 ut
711 2405 846 2489 denique
867 2405 993 2487 mahis,

100 2487 175 2560 Quae
193 2491 309 2554 misera
330 2491 365 2554 in
386 2493 486 2575 gnata
507 2489 671 2573 deperdita
691 2490 882 2572 laetabatur,

100 2570 241 2639 Omnibus
262 2573 313 2637 1110
329 2573 444 2638 Thesei
465 2574 589 2640 dulcem
610 2573 805 2658 praeoptarit
827 2593 982 2654 amorem,
1001 2583 1048 2634 120

100 2655 156 2719 hut
174 2661 209 2722 ut
227 2660 319 2723 vecta
340 2659 402 2722 rati
423 2679 574 2742 spumosa
595 2659 634 2722 ad
655 2658 751 2724 litora
771 2656 852 2722 Diae

106 2738 231 2821 Venere,
254 2744 366 2806 0110110
387 2763 458 2806 eam
479 2742 659 2806 devinctam
680 2741 801 2806 lumina
822 2761 936 2806 somno

99 2820 228 2908 liquerit
248 2825 418 2891 inmemori
440 2825 603 2890 discedens
625 2829 753 2910 pectore
776 2824 935 2890 coniunx?

100 2904 188 2992 Saepe
208 2911 297 2974 illam
318 2909 488 2994 perhibent
509 2909 631 2974 ardenti
653 2910 747 2974 corde
769 2909 928 2974 furentem

100 2988 269 3060 Clarisonas
290 2995 355 3058 imo
377 2993 497 3058 fudisse
520 3015 536 3058 e
557 2997 684 3078 pectore
706 3014 816 3076 uoces,
1000 3005 1048 3052 100

98 3075 224 3142 Actum
246 3081 434 3166 praeruptos
455 3077 580 3142 tristem
602 3076 813 3142 conscendere
835 3077 978 3156 montes,

98 3156 181 3225 Vnde
202 3163 301 3226 aciem
323 3163 358 3226 in
379 3163 450 3246 pela
476 3163 482 3175 '
505 3165 612 3226 uastos
634 3160 839 3244 protenderet
860 3161 982 3241 aestus,

98 3240 171 3308 Tum
190 3245 316 3310 tremuli
338 3245 413 3310 00110
436 3268 455 3310 0
477 3267 582 3310 versas
604 3264 788 3328 procurrere
811 3243 846 3307 in
866 3241 967 3307 undas
994 3279 996 3316 q

97 3324 200 3394 Mollia
218 3330 359 3395 nudatae
379 3331 546 3396 tollentem
568 3327 713 3410 tegmina
735 3347 841 3410 surae,
993 3319 996 3360 ¹

96 3410 193 3496 Atque
213 3413 292 3480 haee
314 3414 462 3480 extremis
484 3414 639 3476 maestam
661 3409 777 3476 dixisse
799 3411 963 3496 querellis,
1003 3419 1052 3469 130

96 3492 268 3582 Frigidulos
289 3499 352 3562 udo
374 3499 532 3584 singultus
556 3517 610 3560 ore
633 3495 777 3561 cientem.
