2628 4116
173 1071 229 1190 Q.
274 1073 558 1172 VALERII
601 1073 882 1174 CATVLLI
931 1157 932 1160 γ

457 1261 609 1322 LIBER.

519 1479 547 1553 Ι.

41 1630 43 1634 ·
129 1593 225 1693 Quoi
248 1609 334 1672 dono
358 1608 498 1694 lepidum
519 1632 636 1675 novum
658 1611 801 1676 libellum

132 1693 234 1756 Arida
256 1691 354 1756 modo
376 1693 502 1776 pumice
524 1695 720 1777 expolitum?
833 1731 837 1738 ·

49 1785 54 1798 ‘
132 1775 280 1859 Corneli,
303 1775 379 1840 cibi:
401 1797 539 1860 namque
560 1781 596 1842 tu
618 1779 744 1843 solebas

132 1859 222 1924 Meas
246 1881 317 1924 esse
339 1859 458 1944 aliquid
478 1863 591 1944 putare
612 1883 731 1946 nugas,

132 1941 201 2008 lam
223 1946 296 2007 tum
318 1965 390 2007 cum
413 1965 506 2009 ausus
529 1966 562 2009 es
583 1967 665 2008 uuus
687 1943 841 2008 Italorum
998 1957 1017 2008 a
1077 1998 1081 2005 .

133 2027 237 2092 Omne
261 2049 374 2090 aevum
396 2029 497 2092 tribue
521 2050 558 2094 ex
582 2029 679 2094 licere
702 2028 819 2093 chartis

133 2109 263 2194 DociiS,
287 2110 445 2195 Iuppiter,
469 2115 501 2176 el
521 2051 699 2178 laioriosis.

133 2195 240 2270 Quare
261 2193 345 2258 habe
366 2195 426 2258 tibi
449 2195 601 2280 quidquid
622 2195 684 2260 hoc
706 2197 821 2280 libelli,

133 2277 396 2362 Qualecumque‚·
409 2279 492 2362 quod
514 2301 533 2344 ο
555 2281 691 2364 pairona
711 2281 819 2365 virge,

77 2424 92 2438 „
132 2360 209 2427 Plus
233 2383 299 2426 uno
321 2366 450 2427 maneat
470 2386 609 2448 perenne
632 2365 746 2429 saeclo.
983 2378 1017 2428 10

507 2577 553 2650 Π.

133 2697 265 2780 Passer,
288 2697 419 2762 deliciae
440 2719 529 2762 meae
550 2700 689 2782 puellae,

135 2782 273 2857 Quicum
294 2782 402 2846 ludere
441 2804 535 2865 quem
556 2785 591 2848 in
613 2785 685 2848 sinu
707 2787 833 2867 leuare,

135 2865 219 2940 Quoi
242 2865 379 2948 primum
400 2832 537 2950 <ligium
557 2867 632 2931 dare
654 2867 818 2951 adpetenti

134 2948 179 3012 Ei
200 2949 285 3012 acris
308 2950 389 3013 selei
409 2949 541 3016 incitare
563 2973 702 3035 moruus,
819 3015 821 3020 .
933 3013 937 3022 .

135 3032 219 3096 Cum
243 3031 397 3096 desiderio
419 3055 491 3097 mec
513 3035 629 3099 nilenti

135 3115 255 3181 Carum
277 3117 462 3201 nescioquid
483 3117 562 3183 libet
583 3120 681 3183 icceri

134 3199 181 3263 Vt
203 3200 391 3264 solaciolum
413 3201 463 3265 eui
484 3201 602 3266 doloris
608 3252 617 3285 ,

136 3283 241 3348 Credo
264 3287 300 3348 ub
320 3285 385 3348 iam
405 3285 512 3369 gravis
535 3287 714 3368 acquiescat
736 3284 845 3348 ardor:

135 3366 258 3431 Tecum
279 3368 386 3432 ludere
409 3368 581 3451 sicutipse
602 3389 731 3450 possem

135 3449 180 3514 Et
202 3451 305 3514 tristis
327 3452 426 3516 animi
447 3453 552 3516 levare
575 3455 679 3518 curas!

379 3563 396 3600 ss
501 3561 519 3600 *
624 3563 641 3601 *

27 3625 29 3704 ’ἵ
105 3633 234 3677 cuuvuuve.
