2630 4110
489 207 700 265 PRAEFATIO.
1012 221 1076 270 xlx

106 379 187 437 ultro
212 377 280 453 ipse
303 375 444 436 concedet
471 376 504 435 in
525 377 690 452 posteriore
714 376 794 454 quod
821 378 926 438 statuit
946 378 1077 438 carmine

103 461 255 538 quaedam
281 479 435 521 remanere
463 461 595 520 obscura.
638 462 701 520 Alii
726 461 946 538 transponendo
972 479 1077 522 versus

108 565 174 606 rem
197 548 370 622 gessenmt,
391 545 435 604 ita
449 545 568 620 quidem
582 547 733 620 nonnulli,
754 549 789 605 ut
802 546 924 608 ultimos
939 546 1013 606 duos
1027 545 1077 606 vel

107 633 254 706 quattuor
272 648 377 690 remus
397 632 467 704 post
487 632 525 689 16
546 631 735 690 collocarent.
764 629 892 690 Sedent
910 631 1009 690 omnia
1028 649 1075 689 me

109 716 221 774 fallunt
239 716 292 772 eut
311 713 452 772 ultimum
467 717 546 773 certe
568 717 698 774 metrum
712 716 772 773 iam
788 714 920 791 Augusti
934 717 1030 774 aetate
1045 715 1077 774 in

106 802 244 858 extremo
266 798 395 856 carmine
415 799 525 858 lectum
545 802 607 874 est3
629 801 672 858 ita
691 799 801 876 quippe
821 800 965 858 conclusit
984 817 1076 858 unum

106 883 148 942 de
160 882 311 942 catalectis
318 881 485 958 Vergilius:
501 885 535 942 ct
544 884 591 942 alle
601 901 701 944 cesus
714 900 805 957 usque
819 901 932 958 quoqne
940 886 1076 958 pertinet,

106 985 190 1028 socer
201 983 343 1042 peneque
365 963 447 1044 (nam
466 967 509 1026 ita
528 967 683 1026 verissime
699 964 890 1044 Spengelins)
906 967 1078 1042 perdidistis

106 1053 220 1112 omnio.
250 1051 345 1112 Mirus
360 1051 440 1109 enim
454 1050 534 1111 toret
547 1069 641 1123 cesus,
657 1053 707 1110 vel
721 1051 800 1127 qnod
815 1051 910 1110 maius
924 1051 1076 1126 putidissi-

110 1154 178 1194 mae
194 1134 369 1194 eruditionis
379 1153 447 1194 reus
460 1133 707 1211 essetVergilius‚
720 1135 746 1194 si
758 1134 878 1197 aliunde
888 1153 978 1210 quam
990 1153 1007 1193 a
1018 1133 1077 1194 fine

107 1218 251 1279 carminis
271 1221 424 1294 sumptum
443 1219 487 1278 ita
507 1220 542 1277 ut
556 1219 669 1277 dictum
683 1219 867 1278 adhibuisset
879 1219 972 1278 istum
986 1219 1077 1279 versi·

110 1304 222 1364 culum.

174 1387 250 1446 Mihi
264 1387 384 1463 quidem
394 1387 471 1446 nihil
482 1388 519 1446 ad
533 1388 696 1465 perfectam
711 1381 890 1448 sententiam
903 1389 1077 1464 rectumque

109 1472 247 1532 ordinem
261 1471 292 1530 in
314 1471 369 1531 hoc
384 1473 513 1531 carmine
527 1473 646 1532 videtur
661 1473 831 1534 desiderari.
861 1472 957 1532 Immo
972 1491 1010 1530 ne
1024 1490 1076 1547 po-

108 1557 171 1616 tuit
190 1555 309 1631 quidem
323 1555 460 1632 Pompeii
480 1555 569 1615 aliter
588 1557 646 1616 uisi
666 1558 698 1616 in
719 1558 843 1618 summis
857 1557 992 1618 versibus
1006 1556 1078 1616 inici

109 1641 235 1713 mentio,
256 1641 397 1715 quoniam
416 1640 492 1699 nihil
506 1641 549 1700 rei
564 1644 630 1700 eret
642 1641 710 1701 huic
725 1641 967 1722 canemurra.
997 1639 1078 1700 Illud

105 1729 214 1784 tamen
233 1742 294 1784 non
313 1727 395 1784 caret
413 1725 624 1800 probabilitate
640 1728 710 1801 post
728 1745 757 1785 v.
776 1726 814 1785 15
836 1725 982 1801 quaedam
1001 1726 1076 1784 exci-

109 1809 192 1870 disse
213 1808 367 1883 inquibus
388 1812 419 1867 et
438 1827 547 1868 nomen
562 1807 696 1870 Caesaris
712 1807 795 1887 (nam
808 1809 841 1867 id
854 1810 938 1869 nulla
950 1810 1076 1868 necessi·

107 1895 174 1952 tute
189 1893 312 1952 metrica
331 1893 364 1951 in
378 1893 433 1952 hoc
455 1894 584 1952 carmine
599 1893 682 1952 sileri
695 1889 874 1969 permirum)
890 1893 922 1950 et
935 1891 993 1950 alia
1007 1891 1076 1950 sini·

111 1981 192 2039 strae
207 1977 271 2038 eius
286 1977 426 2037 adversus
441 1978 550 2037 amicos
565 1977 679 2053 pariter
693 1995 727 2036 ac
741 1979 837 2037 semet
854 1977 954 2052 ipsum
969 1976 1077 2036 libera·

111 2063 208 2122 litatis
223 2062 359 2136 exempla
372 2061 486 2122 1111111
499 2063 662 2138 proposita.
691 2062 789 2122 Nimis
805 2079 874 2122 saue
889 2062 1032 2121 obscurus
1046 2063 1078 2121 et

107 2146 241 2206 difficilis
261 2145 404 2206 transitus
425 2164 553 2206 eversu
575 2148 613 2207 15
637 2146 864 2222 adsequenda,
885 2149 920 2204 ut
940 2146 1076 2212 omittam

109 2233 241 2292 mutatas
255 2247 406 2305 personas.

176 2316 226 2387 30,
241 2314 259 2373 ὁ
274 2315 351 2388 qnod
364 2319 397 2373 tu
410 2315 551 2390 neplcpce·
572 2315 676 2390 scripsi
692 2317 776 2389 quod,
792 2335 820 2374 v.
837 2332 928 2389 quam·
947 2315 970 2375 d
980 2314 1077 2374 tinelis

109 2399 176 2458 siue
192 2398 281 2457 dubio
303 2399 453 2474 sequentis
468 2399 552 2458 verbi
566 2399 654 2458 litera
669 2400 777 2458 initiali
791 2400 906 2459 heusta.
937 2397 1077 2458 Ceterum

107 2501 216 2542 versus
237 2483 272 2556 4,
290 2483 307 2540 5
328 2482 535 2542 Lachmannus
555 2484 674 2542 traiecit
692 2485 725 2542 in
743 2483 834 2543 finem
855 2482 1003 2555 carminis,
1024 2483 1077 2542 ubi

110 2566 250 2642 equidem
270 2566 410 2626 videntur
430 2568 495 2628 loco
515 2568 587 2643 poni
607 2567 787 2628 alienissimo
808 2569 845 2627 ob
866 2566 1024 2643 repetitam
1044 2585 1078 2625 ac

110 2652 226 2728 pariter
248 2649 433 2710 debilitatam
453 2651 587 2726 priorum
606 2671 748 2712 uersuum
767 2652 959 2725 sententiam
981 2667 1077 2724 neque

111 2737 271 2794 obsecutus
291 2737 337 2794 est
357 2735 385 2793 ei
407 2735 592 2810 Schwabius,
614 2737 665 2812 qui
688 2737 754 2796 v.4
777 2736 896 2811 scripsit
914 2753 996 2803 num,
1017 2734 1076 2793 for-

108 2823 190 2879 tasse
205 2822 296 2878 recte.
392 2850 394 2852 v

175 2905 227 2976 31,
246 2905 284 2962 13
299 2903 415 2964 Liberae
429 2904 645 2978 Lachmannus‚
661 2905 776 2980 Ispdc'ce
790 2903 855 2963 odd.

176 2988 227 3061 34,
246 2987 285 3046 15
301 2988 413 3048 cotho's
428 2989 542 3065 scripsi,
559 2991 644 3050 notho
659 3007 689 3049 es
702 3009 731 3048 v.

174 3072 217 3130 ib.
235 3072 274 3132 23
294 3075 413 3146 antique
437 3077 471 3132 ct
489 3073 607 3134 solita's.
647 3073 764 3134 Solito's
785 3091 855 3146 nos,
878 3072 978 3131 solitos
998 3087 1027 3130 cs
1041 3069 1076 3144 11,

108 3157 196 3216 solito
212 3173 242 3216 es
256 3175 284 3216 v.
314 3155 351 3214 In
371 3157 476 3216 eodem
495 3177 585 3218 versu
599 3157 736 3217 Klotzius
758 3155 987 3234 Schwabiusque
1008 3155 1077 3215 scri·

109 3244 238 3319 pserunt
251 3242 390 3314 11111111,
408 3241 534 3302 fortasse
548 3259 628 3301 vere.

175 3326 226 3398 36,
242 3326 261 3385 9
277 3328 304 3384 et
317 3325 404 3396 hoca·
418 3326 488 3386 baec
500 3325 580 3398 Itali,
595 3327 647 3384 boc
657 3323 695 3382 V.

173 3409 216 3468 ib.
231 3409 270 3466 12
292 3407 430 3482 Vrtosqcc
438 3415 544 3483 portus
553 3409 591 3468 N.
598 3408 749 3482 Heinsius,
762 3410 909 3483 utrosque
922 3409 972 3470 vel
985 3410 1078 3468 crios·

110 3510 166 3566 pcc
178 3497 292 3568 opertos
306 3490 344 3551 V.
