2636 4146
246 193 287 258 78
614 195 807 252 PROPERTII
1137 194 1203 266 [XI.

297 355 359 423 sed
382 376 510 422 securus
531 377 599 422 eas:
622 355 748 422 Gallam
769 377 835 421 uon
856 377 989 421 munera
1009 357 1154 439 vincent,

246 454 280 503 20
337 440 544 525 Duritiaeque
565 445 639 506 tuae
659 462 727 506 non
748 442 809 505 erit
829 441 886 504 illa
906 459 1038 504 memor.

294 524 379 590 Nam
423 545 601 608 uocumque
623 524 674 588 die
696 526 819 588 salvum
839 528 873 588 te
894 524 962 588 fata
981 523 1160 606 remittent,

340 547 498 674 Pen‘lebit
519 609 602 674 eollo
625 607 719 705 Galla
739 607 855 692 pudiea
875 610 941 704 tuo.
1042 691 1048 704 ⁸

295 691 466 756 Postumus
488 691 570 756 alter
591 695 652 756 er1t
672 692 817 756 miranda
838 712 974 776 oomuge
995 689 1116 755 Vlixes.

337 775 414 840 Non
435 775 484 840 illi
506 775 622 860 longae
643 778 694 840 tot
712 796 849 840 nocuere
869 795 992 858 morae,

246 872 279 922 25
295 858 408 926 Castra
422 859 530 924 deoem
545 879 711 943 annorum,
727 862 760 924 et
771 859 927 926 Ciconum
934 881 1058 942 manus,
1074 857 1202 926 Ismara

337 1027 541 1113 Exustaeque
562 1029 637 1094 tuae
657 1049 747 1111 mox,
769 948 980 1110 Poleallssille,
1002 1049 1121 1112 genae,

338 1195 506 1280 Scyllaque
529 1199 562 1260 et
582 1195 720 1260 alternas
742 1216 843 1260 serssa
863 1194 1040 1278 Charybdis
1062 1216 1177 1279 aquas,

295 1277 476 1364 Lampeties
498 1277 618 1344 Ithaeis
639 1279 767 1344 veribus
787 1280 929 1364 mugisse
950 1280 1101 1344 iuvencos

246 1375 281 1425 80
296 1361 810 1512 Etfftllellarrliurlrlosrlgahezeebllellltiias
827 1362 1098 1533 ffipZffippeuoe

296 1528 461 1680 Ν,Τοὲᾳιῒιὲε
482 1529 597 1678 hienplis
617 1533 862 1629 nootestotque
882 1534 1011 1630 natasse
1032 1496 1130 1680 diiles:t

329 1637 339 1678 ¹
361 1633 869 1783 stultissima&
881 1619 1048 1782 Ἐῗᾼῖῗθθ
1073 1637 1114 1680 ⁶¹¹
1131 1639 1197 1701 ω’

248 1795 280 1844 eo
296 1781 341 1846 Et
363 1785 484 1847 veteres
505 1803 596 1848 arens
617 1782 683 1847 leto
704 1801 873 1848 renovasse
893 1804 1078 1867 procorum,

337 1865 526 1951 Errorisque
547 1867 598 1931 sui
619 1867 665 1932 sio
685 1866 833 1932 statuisse
853 1867 990 1932 modum.

295 1949 519 2048 Neoufrustra,
542 1950 616 2098 epia
637 1950 833 2048 easta-domi
853 1951 1035 2035 persederat
1055 1973 1146 2019 uxor.

338 2033 448 2098 Vmort
468 2033 555 2100 Pene
568 2055 645 2119 opes
666 2035 760 2099 Aelra
782 2033 875 2100 Galla
894 2033 998 2100 fidem

298 1110 344 1177 Et
367 1112 478 1178 Circae
499 1112 640 1194 fraudes,
662 1111 808 1210 lotosque
853 1112 1008 1195 orbaeque
1028 1115 1173 1194 tenaoes,

602 2247 673 2320 XII
700 2242 827 2349 [Xllll.

297 2367 470 2452 Quaeritis,
492 2369 576 2434 unde
598 2369 698 2435 avidis
720 2392 785 2436 nox
806 2371 849 2435 sit
868 2371 1008 2456 pretiosa
1028 2373 1165 2457 puellis,

338 2451 383 2518 Et
404 2452 528 2518 Venere
549 2453 718 2518 exhaustae
741 2454 857 2520 damna
878 2457 1048 2540 querantur
1069 2477 1161 2540 opes.

297 2535 393 2603 Certa
414 2537 541 2621 quidem
562 2538 660 2602 tantis
682 2559 777 2603 eausa
798 2541 831 2603 et
850 2539 1020 2605 manifesta
1039 2539 1164 2607 ruinis:

339 2619 496 2686 Luxuriae
518 2621 652 2685 nimium
673 2622 774 2687 libera
794 2623 880 2689 faeta
899 2624 990 2689 viaet.

270 2704 383 2768 ollnda
404 2704 490 2769 ravis
513 2725 623 2768 aurum
644 2706 745 2770 mittit
764 2706 900 2772 formica
919 2707 1073 2791 metallis,

291 2777 295 2799 ¹
338 2787 383 2852 Et
402 2787 491 2852 venit
511 2807 529 2852 e
550 2787 645 2852 rubro
668 2789 792 2855 ooneha
811 2789 840 2856 E
879 2791 952 2856 eina
972 2791 1054 2875 salo,

295 2871 340 2936 Et
360 2870 462 2957 Tyros
483 2871 622 2938 ostrinos
666 2875 776 2938 raebet
797 2873 843 2941 Oa
899 2897 936 2940 ea
956 2877 1093 2959 colores,

340 2954 521 3022 Cinnamon
542 2957 574 3020 et
594 2894 687 3021 multi
707 2961 819 3042 pastor
840 2959 945 3024 odoris
966 2959 1080 3024 Arabs.

296 3039 385 3106 Haeo
407 3041 503 3104 etiarn
523 3040 681 3124 nymphas
702 3063 763 3127 exp
832 3047 888 3108 ant
909 3063 997 3108 arma
1016 3043 1174 3132 pudicas,

250 3135 281 3184 ιο
338 3122 487 3208 Quaeque
508 3127 625 3208 gerunt
645 3123 764 3209 fastus,
804 3127 929 3210 oarioti,
951 3131 1039 3193 tuos:

296 3207 445 3272 Matrona
465 3207 585 3272 incedit
606 3229 720 3274 oeneus
741 3209 853 3274 induta
873 3215 1027 3295 nepotum

337 3289 383 3354 Et
403 3292 506 3375 spolia
527 3312 569 3376 op
591 3292 690 3358 rebrii
710 3298 822 3358 nostra
841 3316 900 3379 per
921 3315 978 3358 ora
997 3294 1109 3362 trahit.

295 3371 427 3440 Nullast
445 3395 567 3471 posoen
592 3377 614 3459 ',
636 3377 757 3442 nullast
776 3379 953 3442 reverentia
974 3378 1087 3464 dandi,

337 3458 406 3522 Aut
426 3462 562 3542 suquast,
583 3461 686 3544 pretio
708 3461 832 3526 tollitur
852 3462 925 3546 ipsa
944 3483 1057 3528 mora.x
