2632 4140
253 205 368 254 XLVIII
628 187 842 244 PRAEFATIO.

253 363 432 422 vocabulum
453 360 571 435 dactylo
591 358 763 418 conclusum
783 357 933 434 reperitur
954 351 1013 436 [II,
1036 358 1070 431 3,
1096 359 1148 417 ll.
1168 359 1242 435 ΠΙ,

255 447 305 520 54,
324 449 372 506 19.
388 445 459 518 1111,
477 446 505 516 5,
523 438 574 522 55]

287 551 292 558 ’
339 550 374 606 51
388 547 530 605 Maeotica
543 545 595 602 nix
609 543 701 603 minio
717 543 742 603 si
757 543 994 628 555151Η115555ι

339 650 400 690 una
414 631 467 688 aut
481 630 574 688 attera
587 646 646 687 nox
660 627 822 688 nondumst
836 629 868 688 in
882 646 981 687 amore
996 631 1118 704 paracta

340 733 401 774 non
415 710 463 772 m'e
477 713 607 772 mortius
621 713 682 784 illa,
699 711 753 771 sed
765 712 864 772 herbis
879 713 1007 788 inproba
1019 713 1102 772 vicit.

255 815 292 875 In
305 815 363 874 fine
377 814 495 873 numeri
509 831 656 888 nusquam
670 811 760 872 habes
771 813 1012 888 monosyllabum
1026 815 1242 889 praecedente

254 901 414 976 plusquam
428 895 650 973 monosyllah03
666 915 737 955 nam
750 916 780 956 v.
798 899 837 956 17
852 897 890 956 51.
907 898 947 956 25
962 897 983 956 1.
999 896 1047 956 ΠΙ
1062 902 1109 958 551
1123 917 1243 959 corru-

254 987 335 1061 ptus.
367 982 547 1058 Spondiaoos
568 1001 627 1058 qua
647 983 711 1040 arte
728 984 920 1058 componeret
934 981 1042 1042 Sextus
1057 1001 1150 1058 supra
1164 1003 1241 1044 me-

255 1069 381 1128 moravi.
417 1067 576 1126 Praeterea
595 1067 704 1142 septies
725 1067 825 1125 evenit
846 1069 881 1124 ut
901 1069 1031 1125 metrum
1051 1067 1240 1128 cluderetur

255 1153 401 1212 vocabulo
423 1152 484 1211 sive
504 1149 711 1226 pentasyllaba
733 1151 796 1210 sive
817 1150 1013 1226 tetrasyllabo
1032 1153 1105 1210 utve
1125 1151 1240 1226 quinti

256 1236 340 1312 pedis
364 1237 438 1295 arsis
465 1237 614 1294 constaret
635 1252 771 1292 sermone
796 1235 864 1309 plus
889 1253 978 1309 quam
1002 1235 1236 1311 monosyllabo,

258 1319 352 1378 thesis
367 1319 515 1394 disyllabo
531 1319 568 1376 ad
582 1319 660 1376 huno
674 1317 796 1378 modum
813 1313 849 1396 [1,
861 1319 890 1391 8,
904 1319 953 1377 35.
968 1317 1024 1390 ΠΙ,
1037 1319 1088 1392 26,
1106 1321 1157 1378 15.
1175 1323 1234 1396 34,

257 1404 307 1463 33.
323 1401 395 1476 ΠΠ,
413 1405 442 1475 7,
459 1403 510 1461 43.
525 1400 563 1475 V,
581 1403 609 1475 7,
627 1401 677 1474 33.
692 1401 748 1474 ΙΠ,
766 1403 815 1476 23,
833 1403 882 1461 15.
899 1403 948 1476 24,
965 1397 1017 1481 51]

340 1521 430 1578 quam
445 1501 502 1562 sibi
517 1501 635 1560 dotatae
650 1521 778 1578 regnum
793 1506 879 1563 vetus
894 1503 1112 1578 Hippodamiae

341 1590 372 1646 et
385 1586 443 1646 tibi
458 1587 497 1645 ob
511 1585 656 1646 invidiam
670 1586 813 1646 Nereides
828 1588 1042 1662 increpitarent

340 1689 411 1730 uam
426 1689 529 1730 cursus
544 1671 615 1730 11551
629 1669 731 1730 Α51511
745 1671 857 1730 referas
872 1671 998 1730 Acheloi

341 1755 393 1816 sed
407 1755 492 1832 thyio
506 1754 638 1814 thalamo
654 1759 706 1814 aut
721 1753 820 1814 Oricia
834 1755 1003 1815 terebintho

341 1839 397 1900 hoc
412 1840 502 1898 etiam
518 1857 608 1915 grave
624 1842 688 1897 erat
701 1839 785 1898 nulla
800 1840 934 1898 mercede
948 1840 1125 1916 hyacinthos

341 1925 388 1982 cui
403 1941 490 1998 saepe
504 1923 648 1982 inmundo
665 1923 754 1981 Sacra
768 1924 932 1982 conteritur
946 1920 1004 1982 Via
1017 1942 1104 1984 55555

339 2009 372 2066 ni
385 2007 443 2066 tibi
456 2025 511 2067 nos
527 2007 646 2079 erimus,
663 2007 715 2066 sed
728 2009 763 2066 tu
776 2007 877 2082 potius
891 2025 996 2084 precor
1009 2011 1045 2067 ut
1057 2027 1116 2068 me.

256 2107 338 2166 Haeo
358 2107 457 2166 omnia
472 2107 549 2165 siout
562 2107 702 2182 pleraque
723 2107 848 2166 aliarum
862 2108 950 2167 huius
969 2111 1074 2183 poetae
1088 2109 1228 2172 licentia-

256 2209 325 2250 rum
339 2190 517 2265 mitigantur
530 2190 769 2250 execrationibus
784 2191 836 2266 515,
852 2191 888 2250 de
902 2192 1009 2268 quibus
1023 2193 1110 2254 initio
1125 2195 1180 2255 lib.
1194 2197 1229 2258 H

257 2273 356 2350 operis
369 2274 466 2334 nostri
480 2275 613 2350 exposui.

320 2357 420 2419 Minus
441 2361 556 2420 eertum
582 2378 620 2418 an
645 2360 790 2435 quaedam
809 2359 981 2422 imitatione
1004 2359 1134 2438 Vergilii
1153 2384 1226 2440 pro-

256 2445 395 2502 venerint
413 2444 563 2518 exempla,
590 2442 649 2502 nisi
669 2443 749 2519 quod
769 2447 865 2504 metro
885 2446 938 2504 illo
963 2445 1028 2504 ‘sed
1051 2447 1136 2524 thyio
1157 2449 1226 2507 tha-

257 2528 333 2586 lamo
356 2532 408 2587 ortt
423 2525 521 2586 Oricia
540 2528 708 2588 tcrcbtatto'
730 2531 830 2604 aperte
850 2530 996 2604 expressit
1015 2531 1226 2592 Maronianum

260 2607 335 2690 [aen.
351 2611 388 2685 X,
407 2605 478 2689 136]
496 2609 657 2670 ‘inclusum
671 2612 749 2672 buco
764 2617 816 2673 oct
832 2607 929 2674 Oricia
943 2615 1123 2676 terettatho’⁸

320 2711 358 2770 In
377 2712 564 2786 pentametro
584 2713 810 2772 memorandum
824 2712 1015 2790 Propertium
1035 2735 1124 2793 saepe
1137 2718 1224 2779 finire

258 2795 386 2852 alterum
406 2793 627 2855 hemistichium
651 2797 795 2858 vocabulo
820 2799 978 2874 plusquam
1006 2799 1162 2876 disyllabo,
1190 2808 1227 2866 ut

257 2883 359 2938 tamen
372 2878 459 2938 libris
474 2882 579 2955 quarto
595 2883 626 2939 et
640 2882 744 2956 quinto
759 2899 820 2941 non
840 2901 906 2942 raro
921 2884 1010 2942 modo
1025 2885 1164 2946 admittat
1178 2889 1223 2946 iu-

257 2963 438 3039 elegantiam
458 2963 548 3024 istam
574 2964 626 3022 sed
650 2965 825 3040 plerumque
845 2967 878 3024 in
897 2968 1069 3028 nominibus
1094 2972 1225 3046 55555115

258 3049 321 3106 sive
336 3046 467 3108 Graecis.
496 3048 631 3106 Eandem
652 3067 669 3105 5
689 3051 772 3110 sexta
791 3050 860 3108 inde
874 3051 974 3110 ultimi
988 3053 1148 3114 voluminis
1162 3057 1224 3114 515-

257 3131 307 3208 gia
320 3133 409 3206 plane
424 3132 534 3192 omisit.

321 3215 457 3291 Denique
478 3217 604 3276 disticha
623 3217 817 3278 inveniuntur
831 3219 890 3278 tria
904 3221 997 3280 artius
1012 3241 1101 3297 quam
1116 3224 1224 3298 proba

256 3300 323 3355 tum
345 3299 408 3356 fere
429 3301 551 3375 optimis
571 3301 741 3360 auctoribus
758 3303 829 3362 artis
844 3304 945 3364 iuncta
960 3323 1027 3364 oum
1040 3305 1224 3382 insequenti-

257 3381 314 3440 bus
328 3380 383 3454 ΠΙ,
401 3383 450 3454 15,
467 3385 516 3456 33,
534 3385 588 3459 34;
605 3385 642 3458 V,
659 3387 687 3459 8,
705 3387 754 3460 67,
772 3389 827 3460 68;
846 3389 894 3462 10,
911 3390 961 3464 39,
978 3389 1028 3464 40,
1050 3409 1102 3449 sua
1122 3394 1227 3451 tamen

257 3466 344 3525 venia
358 3464 489 3543 firmeta3
506 3467 566 3528 vid.
582 3469 610 3526 d.
626 3489 650 3527 r.
666 3489 706 3528 m.
724 3471 794 3530 231.
812 3473 883 3531 232.
