2598 4136
202 213 262 276 104
595 215 762 310 ranem.
1029 213 1191 289 [xxxvu
1274 171 1286 301 J

263 379 407 444 Minerva
427 399 503 444 ravo
525 378 692 463 luminest,
714 377 824 444 Venus
845 381 955 463 pactu,

263 461 375 527 Trahit
395 463 532 548 figuram
553 463 687 548 virginis
709 465 800 528 tener
821 461 975 528 Bacchus.

232 546 415 612 oProntem
437 547 585 630 caprinos
606 546 749 611 Arcadas
770 546 858 610 vides
879 544 1023 626 Faunos,
1102 559 1105 562 “

155 707 159 714 Ι
263 629 370 696 Habet
391 630 540 696 decentes
560 631 693 694 nuntius
715 630 808 695 deum
829 631 971 715 plantas,
1122 635 1129 644 '

233 747 243 772 ·
264 714 378 780 Tutela
398 713 512 778 Lemni
534 713 676 798 dispares
697 718 805 780 movet
866 735 969 795 essus,

264 797 398 863 Intonsa
420 817 544 882 semper
565 797 757 882 Aesculapio
779 798 837 861 har
859 801 921 882 ast,
966 811 967 814 ’

264 881 401 946 Nemost
421 882 521 947 feroci
542 882 739 965 pectorosior
759 881 872 947 Marte.

218 979 250 1028 10
265 965 356 1041 Quod
377 965 476 1062 siquis
496 965 582 1030 inter
602 965 662 1030 hos
683 966 772 1030 loeus
793 964 873 1030 mihi
893 968 1006 1050 restat,

265 1049 352 1115 Deus
373 1049 490 1134 Priapo
512 1050 718 1114 mentulatior
739 1071 807 1114 non
828 1052 887 1115 est.

604 1179 756 1189 ...ι-...-

590 1261 773 1336 XXXVII.

267 1385 331 1452 Gur
373 1384 473 1449 ictum
494 1383 629 1448 memori
650 1383 693 1447 sit
714 1383 749 1447 in
770 1383 887 1448 tabella

266 1407 461 1551 Memhrum,
483 1467 651 1551 quaeri'cis,
673 1467 757 1531 unde
778 1467 1002 1552 procreamur?
1043 1529 1046 1540 ,

268 1551 348 1617 Cum
369 1551 461 1636 penis
483 1549 563 1615 mihi
583 1551 669 1616 forte
690 1551 793 1616 laesus
815 1554 913 1634 esset,

268 1635 519 1721 Ohirurgamque
541 1656 671 1700 manum
691 1635 788 1700 miser
807 1635 968 1718 timerem,
1025 1686 1027 1690 .

234 1717 324 1784 oDis
344 1741 396 1784 me
418 1719 571 1804 legitimis
592 1719 751 1803 nimisque
772 1719 897 1804 magnis
903 1767 913 1802 ,
1035 1735 1036 1740 ’

267 1803 313 1868 Vt
332 1803 463 1868 Phoebo
485 1807 564 1888 puta
583 1803 713 1887 filioque
734 1801 872 1886 Phoebi,
1011 1815 1016 1826 ·

267 1887 419 1953 Curatum
441 1888 516 1954 dare
536 1887 713 1952 mentulam
733 1887 873 1950 verebar.

265 1971 364 2055 Huic,
387 1971 468 2055 dixi,
490 1972 540 2036 fer
560 1992 669 2068 opem,
691 1969 821 2054 Priape,
842 1971 941 2068 parti,

266 2051 363 2120 Cuius
384 2057 435 2138 tu,
457 2057 562 2139 pater,
584 2075 653 2138 rpse
674 2053 737 2118 Lar
757 2053 887 2120 videns:

200 2151 251 2200 v10
265 2137 335 2214 Qua
355 2138 442 2202 salva
463 2138 532 2202 sine
554 2137 695 2202 sectione
715 2137 802 2202 facta

265 2221 406 2286 Ponetur
426 2221 487 2285 tihi
508 2220 609 2305 picta,
632 2242 727 2304 quam
747 2221 877 2306 levaris,

266 2303 395 2389 Oonpar
416 2303 654 2388 consimilisque
676 2306 896 2390 concolorque.

265 2388 420 2454 Promisit
439 2388 525 2473 fore,
547 2389 785 2473 mentulamque
805 2389 907 2454 movit

266 2472 330 2538 Pro
350 2475 431 2537 nutu
452 2473 544 2558 deus,
568 2477 602 2539 et
614 2477 734 2559 rogata
754 2472 842 2538 lecit.
882 2541 885 2546 Δ

607 2613 759 2622 n——-.--

580 2685 779 2762 XXXVIII.

266 2808 334 2874 Sim
356 2807 460 2874 liciter
473 2809 533 2874 tibi
547 2831 613 2895 me,
629 2809 893 2896 quodcumquest,
908 2811 1013 2878 dicere
1028 2815 1183 2903 oportet,

341 2895 462 2958 aturast
485 2895 636 2978 quoniam
657 2915 782 2980 semper
802 2898 911 2980 aperta
931 2893 1020 2960 mihi.

266 2977 417 3043 Pedicare
439 2977 511 3042 volo
517 3027 527 3063 ,
549 2981 586 3043 tu
606 2979 656 3044 vis
677 2979 845 3064 decerpere
866 3000 976 3064 poma:

308 3061 399 3138 Quod
421 3065 515 3146 peto,
540 3063 566 3126 si
589 3061 727 3146 dederis,
750 3061 834 3146 quod
855 3064 953 3148 petis,
975 3062 1130 3148 accipies.

574 3274 792 3364 XXXVIIII.¹

265 3397 382 3462 Forma
402 3397 578 3462 Mercurius
623 3399 709 3464 otest
727 3399 868 3483 placere,

265 3481 382 3546 Forma
404 3481 588 3566 conspicien
610 3503 647 3545 us
669 3484 719 3547 est
738 3481 874 3566 Apollo,
