2630 4110
469 246 681 304 PRAEFATIO.
1011 262 1057 310 LV

84 414 231 474 Proximo
253 432 344 474 versu
364 412 397 474 id
416 415 495 491 quod
517 417 564 475 est
581 417 678 476 earum
697 415 844 493 significet
861 417 940 478 cirili
958 418 1059 478 roboro

83 501 265 574 praeditum.

153 584 196 642 ib.
213 584 253 642 38
268 587 359 644 cotue
372 585 453 642 recte
468 584 531 643 cod.
546 583 723 662 Holsteinii3
746 583 783 644 of.
799 603 824 645 c.
841 587 896 661 333
917 585 1013 658 sadoc
1028 605 1056 646 ι.

156 668 206 740 69,
218 667 239 724 4
255 666 441 743 Scriptorum
452 668 610 728 lectionem
620 667 740 728 reduxit
749 668 956 744 Buechelerus,
967 688 1057 746 quem

87 751 186 812 secuti
200 769 312 810 sumus.
342 750 411 809 Vid.
427 769 502 827 quae
516 751 596 812 idem
611 753 687 813 dixit
699 754 721 813 1.
735 773 776 812 m.
791 773 841 830 pg.
858 755 929 816 409.

157 837 207 907 70,
224 835 242 894 8
258 835 365 909 ripcoti
380 836 493 911 scripsi,
510 837 547 895 cf.
563 857 612 898 ιι.
627 839 675 911 12,
693 839 741 911 13,
756 839 876 914 ripendo
890 857 919 899 v.

154 918 195 977 ib.
214 919 254 978 10
273 917 476 989 famelicarum
496 923 577 980 recte
596 921 649 980 111).
670 921 844 996 Fcurianus,
866 922 903 982 of.
919 941 948 982 ι.
965 923 993 996 6,
1008 921 1054 996 so·

89 1004 259 1062 meticoroao
271 1022 300 1062 ι.

154 1087 196 1146 ib.
215 1087 253 1144 12
270 1104 327 1146 recu
342 1088 456 1163 scripsi,
472 1089 508 1147 ut
521 1089 668 1148 vitaretur
681 1089 713 1148 in
728 1089 856 1148 carmine
871 1089 1054 1166 elegantissi-

91 1189 142 1230 mo
157 1170 310 1230 scabrities
325 1171 477 1246 orationis,
493 1189 531 1231 oe
544 1192 573 1232 v.

157 1257 207 1328 71,
224 1255 243 1312 2
258 1255 329 1328 qaid
342 1255 455 1316 doleam
469 1255 544 1330 odd,
560 1274 635 1316 corr.
651 1255 689 1316 N.
703 1257 855 1318 Heinsius.
934 1281 938 1288 ·

157 1339 207 1397 72.
229 1337 311 1398 Hsec
330 1340 422 1400 verba
442 1341 494 1400 snt
506 1341 712 1418 prodigiosum
726 1342 758 1400 in
772 1342 893 1402 modum
909 1343 979 1402 sunt
992 1359 1055 1401 cor·

90 1425 189 1498 rupte,
216 1425 269 1482 aut
290 1424 390 1499 potius
416 1442 534 1500 semper
559 1425 596 1485 ab
622 1427 703 1492 omni
728 1445 816 1486 versu
842 1427 924 1486 fuere
949 1427 1054 1486 aliena.

92 1507 235 1582 Suspicor
249 1507 329 1566 enim
344 1508 506 1567 sevenisse
517 1509 554 1568 cb
565 1509 670 1569 eodem
683 1509 906 1587 interpolatore,
922 1510 973 1586 qui
987 1512 1057 1586 post

92 1609 116 1652 c.
134 1593 174 1650 32
200 1589 307 1650 adiecit
325 1591 546 1668 hexametrum,
567 1594 619 1670 qui
633 1595 665 1654 in
679 1593 778 1654 Guelf.
795 1596 854 1655 705
870 1595 990 1671 legitur,
1012 1593 1054 1652 di-

91 1695 214 1736 versum
229 1673 265 1734 ab
285 1675 391 1735 horum
406 1677 570 1736 carminum
583 1677 749 1738 rationibus
763 1679 855 1738 huno:
877 1696 954 1753 pecc
973 1683 1056 1738 cates

91 1760 199 1834 fodias,
213 1761 298 1820 11111
311 1762 417 1820 sarcire
431 1759 550 1836 Priapo.
581 1762 720 1822 Fortasse
739 1763 819 1822 idem
834 1781 972 1822 successu
985 1781 1054 1822 sene

92 1863 183 1920 quem
202 1842 315 1903 infelici
335 1843 432 1905 voluit
451 1844 599 1920 quandam
619 1863 760 1906 versuum
784 1846 1056 1920 Hipponacteorum

93 1927 271 1986 adumbrare
302 1929 440 2004 speciem.
484 1928 565 1988 Illud
585 1927 665 1988 enim
689 1947 751 1988 non
774 1947 895 2004 possum
920 1929 1054 2006 probare,

94 2012 174 2090 quod
189 2013 295 2071 statuit
304 2011 512 2087 Buechelerus,
525 2013 561 2074 cb
576 2031 611 2074 eo
626 2013 678 2089 qui
690 2012 817 2073 confecit
830 2012 905 2072 hanc
919 2013 1057 2090 syllogen

94 2116 129 2156 ee
143 2097 278 2172 quemvis
292 2096 441 2174 pedestria
454 2099 573 2173 recepta
584 2116 647 2158 osse
659 2097 696 2156 ed
711 2097 915 2173 explicandum
930 2115 1056 2174 sequens

94 2182 295 2257 epigramma,
323 2181 401 2256 quod
428 2181 547 2258 quidem
576 2182 631 2242 tali
659 2182 905 2257 interpretatione
930 2181 1055 2242 minine

94 2268 172 2342 eget.
193 2265 234 2324 Et
248 2264 387 2324 abhorret
400 2265 437 2324 ab
450 2265 635 2342 antiquitatis
649 2284 732 2326 more
746 2266 789 2326 ito
803 2265 963 2326 immisceri
978 2267 1056 2326 solu·

95 2353 158 2409 tam
174 2348 339 2408 orationem
354 2349 474 2426 ligatae.

159 2434 177 2491 7
181 2433 209 2506 3
227 2435 375 2493 lmooeor
388 2432 453 2492 cdd
469 2433 598 2509 quidam,
619 2435 700 2510 quod
712 2435 838 2512 retinui,
860 2435 910 2494 alii
924 2452 1058 2495 moneam

94 2537 148 2577 scu
161 2522 285 2578 macor.

157 2601 198 2662 11).
215 2602 234 2659 2
256 2602 388 2662 &coctio
408 2620 509 2664 macro
523 2603 745 2679 scripti31100us
760 2605 916 2678 obscurus,
940 2603 998 2663 vid.
1013 2605 1056 2662 ta·

96 2705 167 2745 men
181 2704 256 2761 quae
272 2686 347 2746 dixit
360 2686 559 2746 Buechelerus
573 2688 594 2746 1.
609 2707 649 2745 ιιι.
665 2687 729 2748 410
743 2706 786 2764 sq.

160 2770 237 2844 74,4
252 2786 357 2830 orosam
371 2789 436 2847 ego,
451 2771 532 2848 quod
546 2789 604 2847 quo
614 2772 771 2848 pertineat,
782 2790 870 2832 nemo
884 2789 946 2831 non
959 2770 1056 2830 videt
1028 2774 1056 2846 t,

95 2873 181 2916 oram
195 2854 245 2914 vel
258 2873 359 2914 arram
373 2855 439 2914 cdd.

158 2939 200 2998 11)
217 2938 266 3000 75.
293 2937 357 3000 Hos
376 2957 480 3000 versus
498 2941 652 3000 verissime
672 2960 690 3000 a
709 2941 909 3050 superioribus
930 2939 1059 3000 seiunxit

97 3023 240 3099 Scaliger,
255 3023 333 3082 cta
351 3024 399 3083 13.
416 3025 465 3084 22.

161 3107 394 3182 7621111111
411 3107 521 3182 Aldus,
543 3110 664 3186 Mycena
683 3109 801 3185 scripti,
822 3109 890 3168 ditis
909 3105 1056 3182 Buechel,

95 3191 177 3268 quod
191 3209 243 3250 our
257 3210 318 3250 non
333 3191 373 3250 sit
386 3210 474 3253 ausus
488 3194 520 3252 in
534 3196 649 3252 textum
664 3193 805 3268 recipere,
820 3209 881 3251 non
894 3189 998 3267 video,
1020 3191 1057 3251 ci.

96 3277 125 3336 (1.
141 3297 165 3335 r.
181 3295 221 3334 m.
238 3276 315 3351 384,
332 3275 396 3334 cdd.
412 3278 492 3348 dites,
507 3279 584 3338 dices
597 3299 626 3338 ι.

159 3361 200 3420 11).
218 3361 267 3419 15.
289 3358 418 3418 Versum
432 3361 644 3437 interpolatum
657 3359 790 3422 mortales
804 3359 1059 3434 stoicampsaeum

94 3447 233 3508 dicarunt
245 3443 311 3504 loco
325 3443 421 3502 movit
433 3442 639 3506 Buechelerus.

160 3531 218 3604 77,
235 3529 270 3603 3,
285 3528 306 3586 1
325 3526 428 3586 traieci
446 3532 516 3604 post
530 3532 558 3590 7.
588 3531 666 3590 Nom
679 3529 810 3607 priorem
824 3531 940 3607 partem
955 3527 1058 3586 carmi·
