2628 4116
293 181 352 303 62ι
699 233 851 292 carvin
1122 234 1254 305 {axum

401 399 545 480 Prodest,
568 399 666 462 immo
690 397 786 465 etiam
806 393 915 460 taedet
936 395 1089 480 obestque
1110 397 1213 481 magis

325 498 342 548 o
356 485 402 550 Vt
422 483 517 568 mihi,
540 505 634 568 quem
655 500 750 546 nemo
772 479 900 565 gravius
914 499 974 544 nac
989 479 1133 545 acerbius
1147 484 1257 564 urget,

399 569 502 646 Quam
522 567 617 632 modo
641 565 696 650 qui
719 585 771 630 me
793 583 892 628 unum
906 564 1158 712 pltquqlplqiicpm
1180 567 1257 628 ami·

682 837 864 912 amma.

358 972 480 1039 Gellius
502 971 645 1034 audierat
665 972 814 1053 patruom
836 968 1004 1052 obiurgare
1026 969 1145 1052 solere,

399 1055 505 1140 Siquis
528 1054 658 1119 delicias
681 1052 800 1117 diceret
821 1055 877 1116 aut
897 1052 1024 1118 faceret.

304 1139 310 1148 ’
355 1139 427 1206 Hoc
448 1161 489 1203 ne
511 1139 573 1222 ipsi
594 1136 765 1221 accideret,
787 1136 893 1221 patrui
914 1136 1098 1221 perdepsuit
1118 1137 1225 1220 ipsam

316 1271 320 1276 .
398 1223 539 1288 onrem
560 1225 593 1286 et
612 1223 760 1306 patruom
780 1219 919 1285 reddidit
939 1219 1180 1305 Harpocratem.

324 1307 449 1384 oQuod
470 1306 573 1370 voluit
593 1305 684 1370 fecit:
711 1326 803 1388 nam,
826 1305 969 1388 quamvis
991 1305 1131 1369 inrumet
1151 1305 1261 1389 ipsum

397 1389 493 1456 Nunc
514 1392 678 1475 patruom,
700 1389 833 1454 verbum·
853 1409 921 1452 non
941 1388 1039 1452 faciet
1059 1392 1202 1472 patruos.

684 1636 863 1711 LXXVII.

355 1769 438 1835 Rufe
459 1769 540 1834 mihi
560 1770 680 1833 frustra
701 1789 739 1832 aa
759 1768 951 1851 nequiquam
973 1767 1091 1832 credite
1113 1769 1221 1834 amico

399 1853 566 1940 (Frustral
582 1854 680 1918 inuno
695 1872 813 1936 magno
829 1872 901 1916 cum
915 1853 1020 1936 pretio
1035 1855 1131 1936 atque
1144 1853 1264 1939 malo),

356 1937 462 2004 Sicine
484 1938 643 2022 subrepsti
664 1937 742 2018 mei,
764 1937 858 2018 atquc
879 1936 1033 2000 intestina
1052 1957 1210 2021 perurens

250 2027 251 2030 ’
397 2021 439 2086 Ei
461 2023 577 2087 misero
600 2021 746 2105 eripuisti
768 2019 876 2084 omnia
896 2021 1007 2086 nostra
1027 2020 1134 2084 bona?

323 2105 412 2169 ollri
435 2105 525 2188 nisti,
548 2104 611 2169 heu
632 2104 695 2168 heu
716 2107 845 2168 nostrae
867 2103 994 2169 crudele
1014 2125 1175 2170 venenum

396 2128 506 2272 llitaa,
528 2188 676 2254 heuheu
696 2190 825 2252 nostrae
846 2188 947 2272 pestis
969 2188 1135 2252 amicitiae.

356 2271 418 2338 Sed
439 2293 525 2336 nuno
546 2271 580 2336 id
602 2272 710 2356 doleo,
733 2271 819 2356 qnod
839 2293 937 2356 purae
957 2293 1038 2356 pura
1058 2273 1189 2356 puellae

397 2355 490 2422 Savia
512 2357 688 2422 conminxit
710 2376 834 2440 spurca·
847 2356 948 2420 salira
967 2359 1032 2420 tua.

353 2438 474 2506 Verum
495 2440 529 2505 id
549 2462 617 2506 non
631 2441 751 2524 inpune
765 2439 865 2505 fares:
886 2461 962 2504 nam
983 2443 1016 2504 te
1031 2440 1138 2504 omnia
1154 2445 1269 2510 saecla

307 2538 340 2587 10
394 2523 552 2609 Noscant,
576 2527 608 2590 et
629 2525 683 2610 qui
706 2524 750 2588 sis
771 2523 857 2588 fama
879 2524 1027 2608 loquetur
1048 2533 1137 2588 anus.

698 2671 850 2682 ....—-—

675 2771 874 2846 LXXVIII.-

353 2901 464 2968 Gallus
485 2901 583 2968 habet
608 2903 737 2988 fratres,
767 2906 933 3000 quorumst
959 2903 1157 2988 lepidissima
1189 2927 1272 2972 con·

900 3009 977 3051 runx

394 3069 552 3154 Alterius,
574 3070 698 3155 lepidus
720 3070 804 3134 filius
826 3071 965 3136 alterius

354 3154 465 3220 Gallus
485 3155 615 3220 homost
634 3154 754 3220 bellus:
776 3175 852 3218 nam
873 3154 981 3219 dulces
1001 3154 1057 3219 iun
1083 3155 1108 3218 ‘t
1122 3177 1274 3248 amurca,

395 3238 477 3304 Oum
498 3260 597 3324 puero
618 3241 656 3304 ut
675 3237 761 3303 bello
784 3238 870 3304 bella
890 3239 998 3323 puella
1019 3259 1058 3302 cu
1082 3242 1122 3304 et.

322 3334 338 3382 o
354 3321 465 3388 Gallus
485 3322 616 3388 homost
637 3324 753 3388 stultus
774 3345 835 3389 nec
857 3345 891 3387 se
905 3323 993 3387 videt
1007 3343 1076 3386 esse
1096 3327 1276 3411 maritum,

395 3403 458 3480 Qui
478 3409 609 3488 patruos
632 3409 738 3491 patrui
759 3409 918 3473 monstret
939 3405 1139 3472 adulterium.
