2630 4110
269 203 334 252 uu
642 187 855 266 recusasse.

270 378 320 419 eos
341 379 359 418 a
377 359 499 418 librario
521 343 641 416 demum
661 356 770 416 codicis
785 355 965 414 Veronensis
984 355 1072 430 putat
1087 353 1228 414 adiectos.

271 443 350 502 Sunt
361 447 459 502 autem
470 445 506 500 nt
518 442 615 501 obiter
624 443 680 501 hoc
690 459 827 500 moneam
837 439 1046 515 inscriptiones
1057 441 1132 499 istac
1142 439 1229 514 plane

270 527 345 586 tales
361 527 461 603 quales
476 544 572 601 nuper
585 527 618 586 in
629 525 722 601 praef.
735 523 809 584 Hor.
824 543 876 601 pg.
892 527 931 584 10
945 524 1097 599 descripsi,
1113 522 1170 582 hoc
1185 528 1229 583 est

271 630 307 670 ex
332 611 437 686 primis
464 611 654 687 potissimum
679 610 843 668 carminum
865 607 1020 668 versiculis
1044 607 1229 683 ineptissime

271 695 427 768 conflatae,
448 695 532 754 cuius
546 695 590 753 rei
604 695 740 769 exempla
753 693 856 753 videre
876 695 923 752 est
940 692 1019 768 apud
1040 689 1230 751 Schwabium

270 798 322 855 pg.
344 781 394 839 20.
430 779 509 837 Hinc
530 781 560 838 ct
584 781 667 838 ortus
686 778 793 836 titulus
814 776 918 852 epyllii
938 777 989 852 qui
1016 776 1182 836 diutissime
1203 777 1230 834 ei

273 863 407 922 adhaesit
419 863 470 920 Ar
475 863 671 939 gonautia,
693 862 762 936 quia
780 861 867 920 initio
882 861 979 936 operis
994 862 1030 919 de
1044 861 1229 937 Argonautis
1289 897 1290 938 ,

271 950 336 1006 erat
356 965 463 1006 sermo.
505 945 568 1004 Nec
587 946 682 1021 pluris
704 947 762 1018 est,
789 945 869 1020 quod
890 945 1044 1020 displicuit
1066 945 1228 1016 nonnullis,
1289 985 1290 992 κ

271 1029 453 1089 Lachmanni
468 1031 493 1090 si
508 1030 763 1105 computationem
777 1029 924 1106 sequaris,
940 1030 1050 1109 mirum
1065 1047 1129 1089 esee
1149 1029 1229 1104 quod
1289 1103 1290 1106 Ἴ

272 1112 383 1173 Catulli
401 1114 479 1174 liher
502 1114 651 1174 tricesimo
671 1113 794 1173 ultimae
815 1114 971 1190 archetypi
996 1113 1122 1190 paginae
1141 1133 1229 1173 versu

271 1199 438 1258 conclusus.
456 1229 493 1241 -·
509 1197 587 1256 Nam
601 1198 659 1257 etsi
678 1217 716 1256 ne
729 1198 784 1258 hoc
800 1198 919 1273 quidem
933 1215 988 1273 per
1002 1215 1033 1257 se
1052 1197 1161 1256 habere
1178 1217 1229 1257 cur
1289 1263 1290 1282 ,

269 1283 396 1342 nimium
409 1285 611 1356 stupescamus
630 1284 792 1357 agnoscent
811 1282 857 1340 illi
878 1283 930 1357 qui
949 1282 1061 1341 multos
1081 1283 1229 1341 versarint

271 1366 400 1439 cedices,
426 1365 533 1424 statuit
558 1366 622 1424 sine
647 1365 736 1424 dubio
760 1365 965 1424 Lachmannus
991 1366 1068 1424 sicut
1092 1367 1230 1426 similiter

270 1449 400 1524 Heysius
421 1452 454 1508 in
473 1448 532 1508 fine
552 1449 623 1507 libri
642 1449 786 1524 quaedam
807 1449 964 1509 excidisse:
991 1467 1046 1510 nec
1065 1451 1154 1526 plens
1175 1469 1229 1511 nos

270 1533 378 1592 habere
393 1531 502 1592 Catulli
517 1534 648 1592 carmina
662 1536 742 1592 certo
756 1535 882 1592 constat.

333 1617 398 1675 Iam
412 1620 446 1676 ut
461 1617 620 1676 concedam
630 1648 672 1658 -
688 1618 767 1694 quod
781 1621 880 1676 temen
894 1637 981 1694 aegre
995 1618 1071 1678 facio
1084 1651 1121 1661 -
1133 1618 1229 1678 Boch-

269 1701 363 1760 mium
376 1701 409 1760 in
424 1705 536 1778 quaest.
551 1700 726 1762 Catullianis
742 1705 772 1762 et
786 1699 1004 1778 Westphelium
1018 1703 1051 1762 in
1064 1702 1152 1777 libro,
1170 1723 1230 1779 quo

269 1785 486 1860 interpretatus
496 1789 543 1846 est
557 1787 688 1846 carmina
701 1790 805 1862 poetae
821 1781 882 1865 [pg.
899 1788 938 1844 14
949 1783 1039 1867 sqq.]‚
1055 1805 1145 1846 unam
1155 1789 1230 1848 alte-

268 1889 369 1930 ramve
388 1889 452 1930 rem
472 1871 609 1932 attulisse
625 1889 685 1948 qua
698 1874 819 1948 accepta
838 1871 930 1930 semel
950 1871 1035 1931 bisve
1055 1871 1170 1930 alienus
1193 1873 1230 1931 ab

269 1972 304 2013 eo
320 1971 409 2029 quem
422 1955 632 2016 Lachmeunus
651 1957 809 2031 proposuit
824 1955 981 2031 archetypi
1000 1973 1142 2015 versuum
1156 1957 1230 2015 ordo

269 2038 363 2112 magis
375 2040 639 2112 commendaretur,
654 2041 797 2098 tamenin
811 2041 866 2097 tali
878 2040 1099 2112 computatione
1110 2041 1135 2098 is
1148 2042 1229 2099 solus

270 2136 356 2179 omne
376 2121 451 2180 feret
470 2126 629 2198 punctum,
651 2123 699 2180 cui
714 2126 780 2181 tota
800 2121 949 2180 constabit
968 2123 1059 2194 ratio,
1080 2141 1135 2183 nec
1156 2143 1229 2184 vero

269 2204 408 2280 cuiquam
422 2206 558 2280 constitit
571 2208 691 2281 praeter
704 2205 936 2264 Lachmannum.

331 2289 406 2346 Eam
415 2307 478 2347 rem
487 2308 548 2349 non
559 2292 605 2348 est
616 2308 669 2348 our
681 2289 801 2366 longius
812 2307 1034 2364 persequamur,
1050 2309 1117 2349 eum
1125 2291 1229 2368 Haup-

268 2372 329 2431 tius
343 2374 375 2430 in
390 2375 505 2448 quaest.
521 2371 630 2433 Catuli.
645 2392 717 2450 pgg.
729 2375 853 2434 38-49
866 2373 902 2432 de
916 2373 1019 2432 cadem
1033 2376 1097 2434 tam
1113 2378 1230 2438 curiose

269 2457 390 2530 dixerit,
411 2458 487 2516 nihil
505 2460 541 2518 ut
555 2457 691 2518 videatur
704 2476 790 2534 posse
805 2457 883 2517 addi.
918 2458 1082 2533 Excerpam
1102 2463 1230 2534 paucula

268 2542 305 2599 ab
321 2560 355 2600 eo
369 2544 481 2605 notata.
510 2542 617 2620 Itaque
630 2560 718 2600 neme
732 2542 791 2602 nisi
808 2543 860 2618 qui
873 2541 1057 2602 Lachmanui
1071 2544 1229 2604 inventum

268 2625 405 2700 probarit
422 2628 535 2702 poterit
554 2626 692 2701 expedire
709 2627 761 2702 qui
781 2625 893 2686 factum
907 2627 948 2686 sit
962 2629 997 2684 ut
1018 2629 1071 2700 63,
1090 2630 1129 2686 14
1145 2648 1228 2691 voca-

268 2710 374 2768 bulum
389 2716 468 2770 celer
482 2729 549 2770 cum
568 2709 753 2785 ineptissime
768 2712 799 2769 et
813 2729 915 2770 everso
930 2713 1025 2769 metro
1045 2712 1163 2788 legatur
1178 2715 1228 2773 ad-

270 2793 367 2852 ditum
377 2795 437 2852 iam
450 2798 521 2870 post
534 2795 688 2871 sexaginta
698 2813 802 2855 versus
818 2795 918 2854 sensui
932 2795 1047 2869 pariter
1057 2815 1091 2856 ac
1103 2816 1228 2857 numero

269 2880 339 2953 apte
353 2881 521 2951 succurrat,
542 2881 637 2954 utque
653 2881 709 2952 50,
727 2881 781 2953 16,
799 2881 837 2938 17
853 2880 963 2938 iterum
978 2882 1080 2939 extent
1100 2884 1171 2956 post
1187 2885 1229 2942 30

268 2981 372 3022 versus
382 2963 554 3023 interiectos
563 2965 594 3022 et
607 2966 676 3038 post
688 2963 737 3036 64,
750 2965 810 3023 386
822 2964 952 3024 insertus
967 2963 1111 3024 habeatur
1123 2967 1173 3040 67,
1187 2969 1226 3026 21

268 3051 384 3122 etpost
399 3048 448 3120 68,
464 3047 504 3106 48
520 3047 651 3106 eiusdem
665 3047 776 3124 elegiae
793 3050 843 3108 16.

331 3131 436 3207 Neque
450 3149 521 3192 vero
535 3149 659 3206 possum
674 3131 828 3192 Schwabio
843 3133 986 3193 adsentiri
1000 3135 1050 3193 vix
1061 3135 1154 3194 ullam
1168 3137 1227 3195 uti·

267 3215 384 3274 litatem
404 3217 576 3276 eventuram
594 3219 675 3275 recto
696 3219 866 3294 computato
892 3217 1048 3295 archetypi
1067 3217 1228 3280 Catulliani

266 3301 443 3375 paginarum
462 3319 595 3360 numero.
630 3300 708 3360 Nam
722 3302 779 3362 etsi
800 3321 871 3362 saue
885 3303 962 3362 ratio
978 3303 1114 3364 omnihus
1134 3325 1226 3364 mem·

266 3383 367 3444 branis
388 3386 436 3444 est
453 3386 567 3460 potior,
592 3383 757 3462 plurimum
776 3388 877 3447 tamen
897 3388 1036 3448 intererit
1055 3389 1227 3448 criticorum

266 3467 371 3528 harum
399 3469 571 3530 testimonio
596 3469 710 3530 firmari
736 3489 811 3549 quae
835 3473 872 3531 ab
897 3473 951 3532 illa
975 3472 1037 3532 sint
1061 3478 1224 3550 perspecta.
1285 3519 1286 3526 ,
