<?xml version="1.0" encoding="UTF-8"?>
<!DOCTYPE html PUBLIC "-//W3C//DTD XHTML 1.0 Transitional//EN"
    "http://www.w3.org/TR/xhtml1/DTD/xhtml1-transitional.dtd">
<html xmlns="http://www.w3.org/1999/xhtml" xml:lang="en" lang="en">
 <head>
  <title>
</title>
<meta http-equiv="Content-Type" content="text/html;charset=utf-8" />
  <meta name='ocr-system' content='tesseract 3.04.00' />
  <meta name='ocr-capabilities' content='ocr_page ocr_carea ocr_par ocr_line ocrx_word'/>
</head>
<body>
  <div class='ocr_page' id='page_1' title='image "./catullitibullip01catugoog_0382.png"; bbox 0 0 2632 4140; ppageno 0'>
   <div class='ocr_carea' id='block_1_1' title="bbox 246 289 1315 370">
    <p class='ocr_par' dir='ltr' id='par_1_1' title="bbox 246 289 1315 370">
     <span class='ocr_line' id='line_1_1' title="bbox 246 289 1315 370; baseline 0 -17"><span class='ocrx_word' id='word_1_1' title='bbox 246 301 268 365; x_wconf 84' lang='lat'><strong>6</strong></span> <span class='ocrx_word' id='word_1_2' title='bbox 347 289 350 296; x_wconf 71' lang='lat'>‘</span> <span class='ocrx_word' id='word_1_3' title='bbox 405 289 408 296; x_wconf 61' lang='lat'><strong>⁴</strong></span> <span class='ocrx_word' id='word_1_4' title='bbox 634 297 832 354; x_wconf 80' lang='lat' dir='ltr'><strong>rnornnnu</strong></span> <span class='ocrx_word' id='word_1_5' title='bbox 1167 296 1214 370; x_wconf 79' lang='lat' dir='ltr'><strong>[u.</strong></span> <span class='ocrx_word' id='word_1_6' title='bbox 1305 335 1315 353; x_wconf 87' lang='lat'>.</span> 
     </span>
    </p>
   </div>
   <div class='ocr_carea' id='block_1_2' title="bbox 182 457 1184 1553">
    <p class='ocr_par' dir='ltr' id='par_1_2' title="bbox 182 457 1184 1553">
     <span class='ocr_line' id='line_1_2' title="bbox 262 457 1159 542; baseline -0.008 -13"><span class='ocrx_word' id='word_1_7' title='bbox 262 479 296 528; x_wconf 76' lang='lat' dir='ltr'><strong>co</strong></span> <span class='ocrx_word' id='word_1_8' title='bbox 352 462 482 528; x_wconf 87' lang='lat' dir='ltr'><strong>Discere</strong></span> <span class='ocrx_word' id='word_1_9' title='bbox 505 463 538 526; x_wconf 87' lang='lat' dir='ltr'><strong>et</strong></span> <span class='ocrx_word' id='word_1_10' title='bbox 559 461 721 525; x_wconf 84' lang='lat' dir='ltr'><strong>exclusum</strong></span> <span class='ocrx_word' id='word_1_11' title='bbox 743 458 819 542; x_wconf 90' lang='lat' dir='ltr'><strong>quid</strong></span> <span class='ocrx_word' id='word_1_12' title='bbox 842 459 884 523; x_wconf 87' lang='lat' dir='ltr'><strong>sit</strong></span> <span class='ocrx_word' id='word_1_13' title='bbox 906 457 993 522; x_wconf 85' lang='lat' dir='ltr'><strong>abire</strong></span> <span class='ocrx_word' id='word_1_14' title='bbox 1015 457 1159 540; x_wconf 90' lang='lat' dir='ltr'><strong>domum;</strong></span> 
     </span>
     <span class='ocr_line' id='line_1_3' title="bbox 310 541 1137 630; baseline -0.008 -17"><span class='ocrx_word' id='word_1_15' title='bbox 310 547 381 614; x_wconf 91' lang='lat' dir='ltr'><strong>Nec</strong></span> <span class='ocrx_word' id='word_1_16' title='bbox 401 547 466 612; x_wconf 88' lang='lat' dir='ltr'><strong>iam</strong></span> <span class='ocrx_word' id='word_1_17' title='bbox 487 545 642 630; x_wconf 86' lang='lat' dir='ltr'><strong>pallorem</strong></span> <span class='ocrx_word' id='word_1_18' title='bbox 663 544 782 608; x_wconf 83' lang='lat' dir='ltr'><strong>totiens</strong></span> <span class='ocrx_word' id='word_1_19' title='bbox 803 541 959 607; x_wconf 79' lang='lat' dir='ltr'>mirabere</span> <span class='ocrx_word' id='word_1_20' title='bbox 981 545 1137 624; x_wconf 85' lang='lat' dir='ltr'><strong>nostrum,</strong></span> 
     </span>
     <span class='ocr_line' id='line_1_4' title="bbox 353 626 1047 723; baseline -0.01 -27"><span class='ocrx_word' id='word_1_21' title='bbox 353 632 420 696; x_wconf 85' lang='lat' dir='ltr'><strong>Aut</strong></span> <span class='ocrx_word' id='word_1_22' title='bbox 441 651 497 695; x_wconf 88' lang='lat' dir='ltr'><strong>cur</strong></span> <span class='ocrx_word' id='word_1_23' title='bbox 519 629 580 693; x_wconf 88' lang='lat' dir='ltr'><strong>sim</strong></span> <span class='ocrx_word' id='word_1_24' title='bbox 600 629 670 692; x_wconf 86' lang='lat' dir='ltr'><strong>toto</strong></span> <span class='ocrx_word' id='word_1_25' title='bbox 692 648 825 723; x_wconf 88' lang='lat' dir='ltr'><strong>corpore</strong></span> <span class='ocrx_word' id='word_1_26' title='bbox 846 626 953 690; x_wconf 90' lang='lat' dir='ltr'><strong>nullus</strong></span> <span class='ocrx_word' id='word_1_27' title='bbox 975 646 1047 710; x_wconf 84' lang='lat' dir='ltr'><strong>ego.</strong></span> 
     </span>
     <span class='ocr_line' id='line_1_5' title="bbox 182 710 1138 813; baseline -0.007 -31"><span class='ocrx_word' id='word_1_28' title='bbox 182 749 185 754; x_wconf 95' lang='lat'>·</span> <span class='ocrx_word' id='word_1_29' title='bbox 265 741 269 813; x_wconf 64' lang='lat' dir='ltr'>J</span> <span class='ocrx_word' id='word_1_30' title='bbox 311 715 380 782; x_wconf 90' lang='lat' dir='ltr'><strong>Nec</strong></span> <span class='ocrx_word' id='word_1_31' title='bbox 401 714 462 778; x_wconf 88' lang='lat' dir='ltr'><strong>tibi</strong></span> <span class='ocrx_word' id='word_1_32' title='bbox 483 713 636 777; x_wconf 74' lang='lat' dir='ltr'><strong>nobilitas</strong></span> <span class='ocrx_word' id='word_1_33' title='bbox 655 714 775 808; x_wconf 80' lang='lat' dir='ltr'><strong>poterit</strong></span> <span class='ocrx_word' id='word_1_34' title='bbox 797 731 979 775; x_wconf 81' lang='lat' dir='ltr'><strong>succurrere</strong></span> <span class='ocrx_word' id='word_1_35' title='bbox 1001 710 1138 775; x_wconf 85' lang='lat' dir='ltr'><strong>amanti:</strong></span> 
     </span>
     <span class='ocr_line' id='line_1_6' title="bbox 266 793 1084 880; baseline -0.006 -19"><span class='ocrx_word' id='word_1_36' title='bbox 266 818 269 861; x_wconf 77' lang='grc' dir='ltr'>ι</span> <span class='ocrx_word' id='word_1_37' title='bbox 356 798 470 864; x_wconf 81' lang='lat' dir='ltr'><strong>Nescit</strong></span> <span class='ocrx_word' id='word_1_38' title='bbox 490 799 593 861; x_wconf 88' lang='lat' dir='ltr'><strong>Amor</strong></span> <span class='ocrx_word' id='word_1_39' title='bbox 614 796 727 880; x_wconf 78' lang='lat' dir='ltr'><strong>priscis</strong></span> <span class='ocrx_word' id='word_1_40' title='bbox 749 793 860 860; x_wconf 84' lang='lat' dir='ltr'><strong>cedere</strong></span> <span class='ocrx_word' id='word_1_41' title='bbox 881 793 1084 878; x_wconf 72' lang='lat' dir='ltr'><strong>imaginibus</strong></span> 
     </span>
     <span class='ocr_line' id='line_1_7' title="bbox 264 877 1112 966; baseline -0.009 -18"><span class='ocrx_word' id='word_1_42' title='bbox 264 897 298 948; x_wconf 76' lang='lat' dir='ltr'><strong>rc</strong></span> <span class='ocrx_word' id='word_1_43' title='bbox 313 883 406 960; x_wconf 85' lang='lat' dir='ltr'><strong>Quod</strong></span> <span class='ocrx_word' id='word_1_44' title='bbox 425 881 453 946; x_wconf 86' lang='lat' dir='ltr'><strong>si</strong></span> <span class='ocrx_word' id='word_1_45' title='bbox 474 903 572 966; x_wconf 83' lang='lat' dir='ltr'><strong>parva</strong></span> <span class='ocrx_word' id='word_1_46' title='bbox 593 883 666 960; x_wconf 85' lang='lat' dir='ltr'><strong>tuae</strong></span> <span class='ocrx_word' id='word_1_47' title='bbox 688 878 812 944; x_wconf 87' lang='lat' dir='ltr'><strong>dederis</strong></span> <span class='ocrx_word' id='word_1_48' title='bbox 832 877 968 963; x_wconf 80' lang='lat' dir='ltr'><strong>vestigia</strong></span> <span class='ocrx_word' id='word_1_49' title='bbox 990 878 1112 961; x_wconf 82' lang='lat' dir='ltr'><strong>culpae,</strong></span> 
     </span>
     <span class='ocr_line' id='line_1_8' title="bbox 241 962 1097 1044; baseline -0.012 -8"><span class='ocrx_word' id='word_1_50' title='bbox 241 1031 243 1036; x_wconf 90' lang='lat'><em>.</em></span> <span class='ocrx_word' id='word_1_51' title='bbox 356 966 459 1044; x_wconf 79' lang='lat' dir='ltr'><strong>Quam</strong></span> <span class='ocrx_word' id='word_1_52' title='bbox 482 966 545 1030; x_wconf 88' lang='lat' dir='ltr'><strong>cito</strong></span> <span class='ocrx_word' id='word_1_53' title='bbox 568 963 607 1030; x_wconf 90' lang='lat' dir='ltr'><strong>de</strong></span> <span class='ocrx_word' id='word_1_54' title='bbox 627 967 719 1028; x_wconf 77' lang='lat' dir='ltr'><strong>canto</strong></span> <span class='ocrx_word' id='word_1_55' title='bbox 740 962 870 1027; x_wconf 90' lang='lat' dir='ltr'><strong>nomine</strong></span> <span class='ocrx_word' id='word_1_56' title='bbox 891 983 1000 1026; x_wconf 85' lang='lat' dir='ltr'><strong>rumor</strong></span> <span class='ocrx_word' id='word_1_57' title='bbox 1021 962 1097 1026; x_wconf 86' lang='lat' dir='ltr'><strong>eris!</strong></span> 
     </span>
     <span class='ocr_line' id='line_1_9' title="bbox 314 1045 1106 1136; baseline -0.01 -19"><span class='ocrx_word' id='word_1_58' title='bbox 314 1051 393 1118; x_wconf 91' lang='lat' dir='ltr'><strong>Non</strong></span> <span class='ocrx_word' id='word_1_59' title='bbox 415 1070 476 1136; x_wconf 84' lang='lat' dir='ltr'><strong>ego</strong></span> <span class='ocrx_word' id='word_1_60' title='bbox 497 1053 566 1114; x_wconf 87' lang='lat' dir='ltr'><strong>tum</strong></span> <span class='ocrx_word' id='word_1_61' title='bbox 588 1051 699 1133; x_wconf 88' lang='lat' dir='ltr'><strong>potero</strong></span> <span class='ocrx_word' id='word_1_62' title='bbox 722 1047 841 1112; x_wconf 86' lang='lat' dir='ltr'><strong>solacia</strong></span> <span class='ocrx_word' id='word_1_63' title='bbox 862 1047 945 1111; x_wconf 88' lang='lat' dir='ltr'><strong>ferre</strong></span> <span class='ocrx_word' id='word_1_64' title='bbox 965 1045 1106 1130; x_wconf 76' lang='lat' dir='ltr'><strong>roganti,</strong></span> 
     </span>
     <span class='ocr_line' id='line_1_10' title="bbox 358 1130 1084 1212; baseline -0.012 -11"><span class='ocrx_word' id='word_1_65' title='bbox 358 1133 440 1202; x_wconf 83' lang='lat' dir='ltr'><strong>oum</strong></span> <span class='ocrx_word' id='word_1_66' title='bbox 461 1133 541 1199; x_wconf 90' lang='lat' dir='ltr'><strong>mihi</strong></span> <span class='ocrx_word' id='word_1_67' title='bbox 562 1133 651 1197; x_wconf 88' lang='lat' dir='ltr'><strong>nulla</strong></span> <span class='ocrx_word' id='word_1_68' title='bbox 672 1133 735 1196; x_wconf 88' lang='lat' dir='ltr'><strong>mei</strong></span> <span class='ocrx_word' id='word_1_69' title='bbox 757 1131 800 1195; x_wconf 89' lang='lat' dir='ltr'><strong>sit</strong></span> <span class='ocrx_word' id='word_1_70' title='bbox 820 1130 978 1196; x_wconf 83' lang='lat' dir='ltr'><strong>medicina</strong></span> <span class='ocrx_word' id='word_1_71' title='bbox 998 1130 1084 1212; x_wconf 86' lang='lat' dir='ltr'><strong>mali,</strong></span> 
     </span>
     <span class='ocr_line' id='line_1_11' title="bbox 315 1216 1061 1302; baseline -0.011 -17"><span class='ocrx_word' id='word_1_72' title='bbox 315 1218 378 1286; x_wconf 78' lang='lat' dir='ltr'><strong>Sed</strong></span> <span class='ocrx_word' id='word_1_73' title='bbox 398 1218 518 1302; x_wconf 85' lang='lat' dir='ltr'><strong>pariter</strong></span> <span class='ocrx_word' id='word_1_74' title='bbox 539 1217 647 1282; x_wconf 84' lang='lat' dir='ltr'><strong>miseri</strong></span> <span class='ocrx_word' id='word_1_75' title='bbox 670 1216 756 1282; x_wconf 90' lang='lat' dir='ltr'><strong>socio</strong></span> <span class='ocrx_word' id='word_1_76' title='bbox 780 1236 817 1280; x_wconf 91' lang='lat' dir='ltr'><strong>co</strong></span> <span class='ocrx_word' id='word_1_77' title='bbox 842 1236 931 1280; x_wconf 88' lang='lat' dir='ltr'><strong>emur</strong></span> <span class='ocrx_word' id='word_1_78' title='bbox 953 1235 1061 1278; x_wconf 88' lang='lat' dir='ltr'><strong>amore</strong></span> 
     </span>
     <span class='ocr_line' id='line_1_12' title="bbox 266 1299 1051 1366; baseline -0.008 0"><span class='ocrx_word' id='word_1_79' title='bbox 266 1317 300 1366; x_wconf 78' lang='lat'><strong>³0</strong></span> <span class='ocrx_word' id='word_1_80' title='bbox 356 1303 449 1366; x_wconf 86' lang='lat' dir='ltr'><strong>Alter</strong></span> <span class='ocrx_word' id='word_1_81' title='bbox 470 1303 505 1365; x_wconf 92' lang='lat' dir='ltr'><strong>in</strong></span> <span class='ocrx_word' id='word_1_82' title='bbox 527 1302 790 1365; x_wconf 83' lang='lat' dir='ltr'><strong>alterius-mutua</strong></span> <span class='ocrx_word' id='word_1_83' title='bbox 833 1319 886 1364; x_wconf 90' lang='lat' dir='ltr'><strong>ere</strong></span> <span class='ocrx_word' id='word_1_84' title='bbox 907 1299 988 1363; x_wconf 87' lang='lat' dir='ltr'><strong>sinu.</strong></span> <span class='ocrx_word' id='word_1_85' title='bbox 1050 1357 1051 1360; x_wconf 74' lang='grc'>,</span> 
     </span>
     <span class='ocr_line' id='line_1_13' title="bbox 318 1381 1184 1532; baseline -0.006 -81"><span class='ocrx_word' id='word_1_86' title='bbox 318 1386 431 1468; x_wconf 84' lang='lat' dir='ltr'><strong>Quare,</strong></span> <span class='ocrx_word' id='word_1_87' title='bbox 453 1385 529 1468; x_wconf 91' lang='lat' dir='ltr'><strong>quid</strong></span> <span class='ocrx_word' id='word_1_88' title='bbox 550 1385 654 1470; x_wconf 86' lang='lat' dir='ltr'><strong>possit</strong></span> <span class='ocrx_word' id='word_1_89' title='bbox 674 1406 745 1448; x_wconf 88' lang='lat' dir='ltr'><strong>mea</strong></span> <span class='ocrx_word' id='word_1_90' title='bbox 766 1382 915 1532; x_wconf 55' lang='lat' dir='ltr'><strong>Offithia,</strong></span> <span class='ocrx_word' id='word_1_91' title='bbox 938 1382 1057 1465; x_wconf 86' lang='lat' dir='ltr'><strong>desine,</strong></span> <span class='ocrx_word' id='word_1_92' title='bbox 1080 1381 1184 1465; x_wconf 85' lang='lat' dir='ltr'><strong>Galle,</strong></span> 
     </span>
     <span class='ocr_line' id='line_1_14' title="bbox 358 1467 1092 1553; baseline -0.005 -19"><span class='ocrx_word' id='word_1_93' title='bbox 358 1469 532 1545; x_wconf 81' lang='lat' dir='ltr'><strong>Quaerere:</strong></span> <span class='ocrx_word' id='word_1_94' title='bbox 554 1489 621 1534; x_wconf 91' lang='lat' dir='ltr'><strong>non</strong></span> <span class='ocrx_word' id='word_1_95' title='bbox 642 1469 762 1552; x_wconf 91' lang='lat' dir='ltr'><strong>inpune</strong></span> <span class='ocrx_word' id='word_1_96' title='bbox 859 1470 974 1553; x_wconf 82' lang='lat' dir='ltr'><strong>rogata</strong></span> <span class='ocrx_word' id='word_1_97' title='bbox 995 1467 1092 1540; x_wconf 86' lang='lat' dir='ltr'><strong>venit.</strong></span> 
     </span>
    </p>
   </div>
   <div class='ocr_carea' id='block_1_3' title="bbox 656 1589 809 1602">
    <p class='ocr_par' dir='ltr' id='par_1_3' title="bbox 656 1589 809 1602">
     <span class='ocr_line' id='line_1_15' title="bbox 656 1589 809 1602; baseline 0 -4"><span class='ocrx_word' id='word_1_98' title='bbox 656 1589 809 1602; x_wconf 80' lang='lat'><strong>-..-.-</strong></span> 
     </span>
    </p>
   </div>
   <div class='ocr_carea' id='block_1_4' title="bbox 702 1679 764 1755">
    <p class='ocr_par' dir='ltr' id='par_1_4' title="bbox 702 1679 764 1755">
     <span class='ocr_line' id='line_1_16' title="bbox 702 1679 764 1755; baseline 0.016 -1"><span class='ocrx_word' id='word_1_99' title='bbox 702 1679 764 1755; x_wconf 89' lang='lat' dir='ltr'><strong>VI.</strong></span> 
     </span>
    </p>
   </div>
   <div class='ocr_carea' id='block_1_5' title="bbox 43 1803 1315 3150">
    <p class='ocr_par' dir='ltr' id='par_1_5' title="bbox 43 1803 1315 3150">
     <span class='ocr_line' id='line_1_17' title="bbox 58 1803 1214 1892; baseline -0.006 -18"><span class='ocrx_word' id='word_1_100' title='bbox 58 1805 116 1874; x_wconf 50' lang='lat' dir='ltr'><strong>&#39;lew</strong></span> <span class='ocrx_word' id='word_1_101' title='bbox 127 1837 138 1848; x_wconf 91' lang='lat'><strong>··</strong></span> <span class='ocrx_word' id='word_1_102' title='bbox 228 1825 235 1843; x_wconf 70' lang='lat'>⁵</span> <span class='ocrx_word' id='word_1_103' title='bbox 255 1817 282 1844; x_wconf 64' lang='lat'><strong>⁸⁸</strong></span> <span class='ocrx_word' id='word_1_104' title='bbox 317 1806 395 1874; x_wconf 89' lang='lat' dir='ltr'><strong>Non</strong></span> <span class='ocrx_word' id='word_1_105' title='bbox 410 1827 470 1892; x_wconf 83' lang='lat' dir='ltr'><strong>ego</strong></span> <span class='ocrx_word' id='word_1_106' title='bbox 485 1825 570 1870; x_wconf 89' lang='lat' dir='ltr'><strong>nuno</strong></span> <span class='ocrx_word' id='word_1_107' title='bbox 581 1803 841 1886; x_wconf 16' lang='lat' dir='ltr'><strong>Hadriaelverecr</strong></span> <span class='ocrx_word' id='word_1_108' title='bbox 854 1825 941 1869; x_wconf 88' lang='lat' dir='ltr'><strong>mare</strong></span> <span class='ocrx_word' id='word_1_109' title='bbox 955 1805 1214 1887; x_wconf 76' lang='lat' dir='ltr'><strong>nosceretecum,</strong></span> 
     </span>
     <span class='ocr_line' id='line_1_18' title="bbox 43 1889 1315 1974; baseline 0.002 -24"><span class='ocrx_word' id='word_1_110' title='bbox 43 1936 46 1946; x_wconf 37' lang='lat' dir='ltr'><strong>r</strong></span> <span class='ocrx_word' id='word_1_111' title='bbox 89 1895 156 1929; x_wconf 81' lang='lat'><strong>··=¹··</strong></span> <span class='ocrx_word' id='word_1_112' title='bbox 184 1893 261 1950; x_wconf 64' lang='lat' dir='ltr'><strong>tuso</strong></span> <span class='ocrx_word' id='word_1_113' title='bbox 360 1890 460 1973; x_wconf 83' lang='lat' dir='ltr'><strong>Tulle,</strong></span> <span class='ocrx_word' id='word_1_114' title='bbox 482 1911 523 1954; x_wconf 89' lang='lat' dir='ltr'><strong>ne</strong></span> <span class='ocrx_word' id='word_1_115' title='bbox 546 1910 585 1953; x_wconf 93' lang='lat' dir='ltr'><strong>ue</strong></span> <span class='ocrx_word' id='word_1_116' title='bbox 606 1889 736 1974; x_wconf 84' lang='lat' dir='ltr'><strong>Aegaeo</strong></span> <span class='ocrx_word' id='word_1_117' title='bbox 759 1889 872 1954; x_wconf 88' lang='lat' dir='ltr'><strong>ducere</strong></span> <span class='ocrx_word' id='word_1_118' title='bbox 893 1889 964 1954; x_wconf 83' lang='lat' dir='ltr'><strong>vela</strong></span> <span class='ocrx_word' id='word_1_119' title='bbox 985 1889 1064 1971; x_wconf 83' lang='lat' dir='ltr'><strong>salo,</strong></span> <span class='ocrx_word' id='word_1_120' title='bbox 1314 1889 1315 1968; x_wconf 44' lang='grc' dir='ltr'>ζ</span> 
     </span>
     <span class='ocr_line' id='line_1_19' title="bbox 318 1972 1315 2058; baseline -0.005 -17"><span class='ocrx_word' id='word_1_121' title='bbox 318 1974 400 2041; x_wconf 84' lang='lat' dir='ltr'><strong>Oum</strong></span> <span class='ocrx_word' id='word_1_122' title='bbox 422 1983 484 2058; x_wconf 83' lang='lat' dir='ltr'><strong>q&#39;uo</strong></span> <span class='ocrx_word' id='word_1_123' title='bbox 561 1973 667 2056; x_wconf 81' lang='lat' dir='ltr'><strong>‘paeos</strong></span> <span class='ocrx_word' id='word_1_124' title='bbox 687 1973 809 2058; x_wconf 85' lang='lat' dir='ltr'><strong>possim</strong></span> <span class='ocrx_word' id='word_1_125' title='bbox 830 1972 1042 2039; x_wconf 85' lang='lat' dir='ltr'><strong>conscendere</strong></span> <span class='ocrx_word' id='word_1_126' title='bbox 1064 1977 1189 2036; x_wconf 86' lang='lat' dir='ltr'><strong>montes</strong></span> <span class='ocrx_word' id='word_1_127' title='bbox 1314 1975 1315 2022; x_wconf 80' lang='grc' dir='ltr'>ἰ</span> 
     </span>
     <span class='ocr_line' id='line_1_20' title="bbox 360 2055 1036 2142; baseline -0.001 -20"><span class='ocrx_word' id='word_1_128' title='bbox 360 2057 565 2140; x_wconf 85' lang='lat' dir='ltr'><strong>Vlteriusque</strong></span> <span class='ocrx_word' id='word_1_129' title='bbox 587 2055 681 2121; x_wconf 90' lang='lat' dir='ltr'><strong>domo</strong></span> <span class='ocrx_word' id='word_1_130' title='bbox 703 2056 817 2122; x_wconf 86' lang='lat' dir='ltr'><strong>vadere</strong></span> <span class='ocrx_word' id='word_1_131' title='bbox 838 2057 1036 2142; x_wconf 80' lang='lat' dir='ltr'><strong>Memnonia3</strong></span> 
     </span>
     <span class='ocr_line' id='line_1_21' title="bbox 291 2140 1142 2226; baseline -0.001 -21"><span class='ocrx_word' id='word_1_132' title='bbox 291 2141 384 2208; x_wconf 74' lang='lat' dir='ltr'><strong>used</strong></span> <span class='ocrx_word' id='word_1_133' title='bbox 405 2162 456 2204; x_wconf 92' lang='lat' dir='ltr'><strong>me</strong></span> <span class='ocrx_word' id='word_1_134' title='bbox 478 2140 650 2223; x_wconf 86' lang='lat' dir='ltr'><strong>conplexae</strong></span> <span class='ocrx_word' id='word_1_135' title='bbox 671 2143 871 2206; x_wconf 86' lang='lat' dir='ltr'><strong>remorantur</strong></span> <span class='ocrx_word' id='word_1_136' title='bbox 891 2143 986 2206; x_wconf 78' lang='lat' dir='ltr'><strong>verba</strong></span> <span class='ocrx_word' id='word_1_137' title='bbox 1007 2141 1142 2226; x_wconf 86' lang='lat' dir='ltr'><strong>puellae,</strong></span> 
     </span>
     <span class='ocr_line' id='line_1_22' title="bbox 361 2225 1063 2310; baseline 0.003 -22"><span class='ocrx_word' id='word_1_138' title='bbox 361 2225 548 2307; x_wconf 88' lang='lat' dir='ltr'><strong>Mutatoque</strong></span> <span class='ocrx_word' id='word_1_139' title='bbox 567 2245 680 2308; x_wconf 82' lang='lat' dir='ltr'><strong>graves</strong></span> <span class='ocrx_word' id='word_1_140' title='bbox 702 2245 797 2309; x_wconf 86' lang='lat' dir='ltr'><strong>saepe</strong></span> <span class='ocrx_word' id='word_1_141' title='bbox 818 2226 924 2290; x_wconf 90' lang='lat' dir='ltr'><strong>colore</strong></span> <span class='ocrx_word' id='word_1_142' title='bbox 944 2247 1063 2310; x_wconf 87' lang='lat' dir='ltr'><strong>preces.</strong></span> 
     </span>
     <span class='ocr_line' id='line_1_23' title="bbox 319 2306 1139 2395; baseline 0 -20"><span class='ocrx_word' id='word_1_143' title='bbox 319 2307 380 2375; x_wconf 84' lang='lat' dir='ltr'><strong>Illa</strong></span> <span class='ocrx_word' id='word_1_144' title='bbox 400 2307 481 2372; x_wconf 89' lang='lat' dir='ltr'><strong>mihi</strong></span> <span class='ocrx_word' id='word_1_145' title='bbox 501 2306 579 2372; x_wconf 86' lang='lat' dir='ltr'><strong>totis</strong></span> <span class='ocrx_word' id='word_1_146' title='bbox 600 2329 636 2371; x_wconf 92' lang='lat' dir='ltr'><strong>ar</strong></span> <span class='ocrx_word' id='word_1_147' title='bbox 680 2310 728 2372; x_wconf 85' lang='lat' dir='ltr'><strong>tat</strong></span> <span class='ocrx_word' id='word_1_148' title='bbox 748 2309 896 2374; x_wconf 84' lang='lat' dir='ltr'><strong>noctibus</strong></span> <span class='ocrx_word' id='word_1_149' title='bbox 918 2309 1009 2395; x_wconf 82' lang='lat' dir='ltr'><strong>ignes</strong></span> <span class='ocrx_word' id='word_1_150' title='bbox 1136 2355 1139 2360; x_wconf 93' lang='lat'>-</span> 
     </span>
     <span class='ocr_line' id='line_1_24' title="bbox 361 2392 1027 2478; baseline -0.002 -19"><span class='ocrx_word' id='word_1_151' title='bbox 361 2392 407 2459; x_wconf 80' lang='lat' dir='ltr'><strong>Et</strong></span> <span class='ocrx_word' id='word_1_152' title='bbox 427 2393 569 2478; x_wconf 84' lang='lat' dir='ltr'><strong>queritur</strong></span> <span class='ocrx_word' id='word_1_153' title='bbox 589 2413 613 2456; x_wconf 94' lang='lat' dir='ltr'><strong>n</strong></span> <span class='ocrx_word' id='word_1_154' title='bbox 660 2413 695 2456; x_wconf 86' lang='lat' dir='ltr'><strong>os</strong></span> <span class='ocrx_word' id='word_1_155' title='bbox 718 2413 787 2458; x_wconf 82' lang='lat' dir='ltr'><strong>esse</strong></span> <span class='ocrx_word' id='word_1_156' title='bbox 808 2393 919 2458; x_wconf 78' lang='lat' dir='ltr'><strong>relicte</strong></span> <span class='ocrx_word' id='word_1_157' title='bbox 941 2395 1027 2477; x_wconf 86' lang='lat' dir='ltr'><strong>deos,</strong></span> 
     </span>
     <span class='ocr_line' id='line_1_25' title="bbox 319 2475 1165 2563; baseline 0 -21"><span class='ocrx_word' id='word_1_158' title='bbox 319 2477 380 2542; x_wconf 87' lang='lat' dir='ltr'><strong>Illa</strong></span> <span class='ocrx_word' id='word_1_159' title='bbox 401 2498 506 2542; x_wconf 90' lang='lat' dir='ltr'><strong>meam</strong></span> <span class='ocrx_word' id='word_1_160' title='bbox 528 2475 608 2540; x_wconf 88' lang='lat' dir='ltr'><strong>mihi</strong></span> <span class='ocrx_word' id='word_1_161' title='bbox 629 2477 693 2541; x_wconf 90' lang='lat' dir='ltr'><strong>iam</strong></span> <span class='ocrx_word' id='word_1_162' title='bbox 714 2499 748 2541; x_wconf 86' lang='lat' dir='ltr'><strong>se</strong></span> <span class='ocrx_word' id='word_1_163' title='bbox 770 2476 917 2563; x_wconf 73' lang='lat' dir='ltr'><strong>denegat,</strong></span> <span class='ocrx_word' id='word_1_164' title='bbox 939 2479 995 2542; x_wconf 85' lang='lat' dir='ltr'><strong>illa</strong></span> <span class='ocrx_word' id='word_1_165' title='bbox 1015 2477 1165 2560; x_wconf 81' lang='lat' dir='ltr'><strong>minatur,</strong></span> 
     </span>
     <span class='ocr_line' id='line_1_26' title="bbox 275 2561 1050 2646; baseline 0.001 -20"><span class='ocrx_word' id='word_1_166' title='bbox 275 2576 308 2626; x_wconf 83' lang='grc' dir='ltr'><strong>ιο</strong></span> <span class='ocrx_word' id='word_1_167' title='bbox 364 2561 451 2637; x_wconf 82' lang='lat' dir='ltr'><strong>Quae</strong></span> <span class='ocrx_word' id='word_1_168' title='bbox 473 2561 556 2625; x_wconf 91' lang='lat' dir='ltr'><strong>solet</strong></span> <span class='ocrx_word' id='word_1_169' title='bbox 576 2561 704 2646; x_wconf 79' lang='lat' dir='ltr'><strong>ingrato</strong></span> <span class='ocrx_word' id='word_1_170' title='bbox 726 2561 827 2626; x_wconf 84' lang='lat' dir='ltr'><strong>tristis</strong></span> <span class='ocrx_word' id='word_1_171' title='bbox 850 2561 952 2628; x_wconf 86' lang='lat' dir='ltr'><strong>amica</strong></span> <span class='ocrx_word' id='word_1_172' title='bbox 972 2563 1050 2627; x_wconf 90' lang='lat' dir='ltr'><strong>viro.</strong></span> 
     </span>
     <span class='ocr_line' id='line_1_27' title="bbox 321 2643 1148 2730; baseline -0.001 -20"><span class='ocrx_word' id='word_1_173' title='bbox 321 2644 382 2710; x_wconf 91' lang='lat' dir='ltr'><strong>His</strong></span> <span class='ocrx_word' id='word_1_174' title='bbox 404 2665 465 2730; x_wconf 81' lang='lat' dir='ltr'><strong>ego</strong></span> <span class='ocrx_word' id='word_1_175' title='bbox 487 2665 554 2709; x_wconf 91' lang='lat' dir='ltr'><strong>non</strong></span> <span class='ocrx_word' id='word_1_176' title='bbox 575 2643 688 2708; x_wconf 86' lang='lat' dir='ltr'><strong>horam</strong></span> <span class='ocrx_word' id='word_1_177' title='bbox 708 2661 839 2729; x_wconf 81' lang='lat' dir='ltr'><strong>possum</strong></span> <span class='ocrx_word' id='word_1_178' title='bbox 861 2647 974 2712; x_wconf 82' lang='lat' dir='ltr'><strong>durare</strong></span> <span class='ocrx_word' id='word_1_179' title='bbox 996 2648 1148 2730; x_wconf 85' lang='lat' dir='ltr'><strong>querelis:</strong></span> 
     </span>
     <span class='ocr_line' id='line_1_28' title="bbox 363 2727 1054 2815; baseline 0.001 -22"><span class='ocrx_word' id='word_1_180' title='bbox 363 2731 394 2793; x_wconf 77' lang='lat' dir='ltr'>A</span> <span class='ocrx_word' id='word_1_181' title='bbox 415 2731 534 2812; x_wconf 84' lang='lat' dir='ltr'><strong>pereat,</strong></span> <span class='ocrx_word' id='word_1_182' title='bbox 557 2727 656 2812; x_wconf 85' lang='lat' dir='ltr'><strong>siquis</strong></span> <span class='ocrx_word' id='word_1_183' title='bbox 677 2729 783 2794; x_wconf 85' lang='lat' dir='ltr'><strong>lentus</strong></span> <span class='ocrx_word' id='word_1_184' title='bbox 805 2745 911 2796; x_wconf 84' lang='lat' dir='ltr'><strong>amare</strong></span> <span class='ocrx_word' id='word_1_185' title='bbox 932 2733 1054 2815; x_wconf 84' lang='lat' dir='ltr'><strong>potest!</strong></span> 
     </span>
     <span class='ocr_line' id='line_1_29' title="bbox 320 2811 1154 2901; baseline 0.001 -25"><span class='ocrx_word' id='word_1_186' title='bbox 320 2813 375 2877; x_wconf 82' lang='lat' dir='ltr'><strong>An</strong></span> <span class='ocrx_word' id='word_1_187' title='bbox 395 2811 476 2876; x_wconf 89' lang='lat' dir='ltr'><strong>mihi</strong></span> <span class='ocrx_word' id='word_1_188' title='bbox 497 2813 539 2876; x_wconf 88' lang='lat' dir='ltr'><strong>sit</strong></span> <span class='ocrx_word' id='word_1_189' title='bbox 558 2812 641 2876; x_wconf 83' lang='lat' dir='ltr'><strong>tanti</strong></span> <span class='ocrx_word' id='word_1_190' title='bbox 663 2811 772 2880; x_wconf 86' lang='lat' dir='ltr'><strong>doctas</strong></span> <span class='ocrx_word' id='word_1_191' title='bbox 794 2836 987 2901; x_wconf 79' lang='lat' dir='ltr'><strong>cognoscere</strong></span> <span class='ocrx_word' id='word_1_192' title='bbox 1009 2815 1154 2878; x_wconf 75' lang='lat' dir='ltr'><strong>Athenas</strong></span> 
     </span>
     <span class='ocr_line' id='line_1_30' title="bbox 363 2896 1040 2994; baseline 0.003 -34"><span class='ocrx_word' id='word_1_193' title='bbox 363 2897 469 2994; x_wconf 83' lang='lat' dir='ltr'><strong>Atque</strong></span> <span class='ocrx_word' id='word_1_194' title='bbox 490 2896 587 2960; x_wconf 85' lang='lat' dir='ltr'><strong>Asiae</strong></span> <span class='ocrx_word' id='word_1_195' title='bbox 608 2899 731 2962; x_wconf 83' lang='lat' dir='ltr'><strong>veteres</strong></span> <span class='ocrx_word' id='word_1_196' title='bbox 753 2919 882 2964; x_wconf 90' lang='lat' dir='ltr'><strong>cernere</strong></span> <span class='ocrx_word' id='word_1_197' title='bbox 904 2899 1040 2981; x_wconf 78' lang='lat' dir='ltr'><strong>divitias,</strong></span> 
     </span>
     <span class='ocr_line' id='line_1_31' title="bbox 273 2979 1021 3068; baseline 0.001 -23"><span class='ocrx_word' id='word_1_198' title='bbox 273 2995 306 3045; x_wconf 78' lang='lat' dir='ltr'><strong>rc</strong></span> <span class='ocrx_word' id='word_1_199' title='bbox 319 2979 366 3048; x_wconf 88' lang='lat' dir='ltr'><strong>Vt</strong></span> <span class='ocrx_word' id='word_1_200' title='bbox 386 2979 466 3046; x_wconf 84' lang='lat' dir='ltr'><strong>mihi</strong></span> <span class='ocrx_word' id='word_1_201' title='bbox 488 2980 621 3045; x_wconf 83' lang='lat' dir='ltr'><strong>deducta</strong></span> <span class='ocrx_word' id='word_1_202' title='bbox 640 2981 739 3047; x_wconf 85' lang='lat' dir='ltr'><strong>faciat</strong></span> <span class='ocrx_word' id='word_1_203' title='bbox 761 2983 900 3048; x_wconf 85' lang='lat' dir='ltr'><strong>convitia</strong></span> <span class='ocrx_word' id='word_1_204' title='bbox 920 2985 1021 3068; x_wconf 88' lang='lat' dir='ltr'><strong>puppi</strong></span> 
     </span>
     <span class='ocr_line' id='line_1_32' title="bbox 364 3063 1066 3150; baseline 0.001 -18"><span class='ocrx_word' id='word_1_205' title='bbox 364 3063 503 3150; x_wconf 76' lang='lat' dir='ltr'><strong>Cynthia</strong></span> <span class='ocrx_word' id='word_1_206' title='bbox 524 3068 557 3129; x_wconf 91' lang='lat' dir='ltr'><strong>et</strong></span> <span class='ocrx_word' id='word_1_207' title='bbox 577 3066 699 3130; x_wconf 79' lang='lat' dir='ltr'><strong>insanis</strong></span> <span class='ocrx_word' id='word_1_208' title='bbox 722 3087 778 3130; x_wconf 89' lang='lat' dir='ltr'><strong>ora</strong></span> <span class='ocrx_word' id='word_1_209' title='bbox 798 3070 890 3132; x_wconf 91' lang='lat' dir='ltr'><strong>notet</strong></span> <span class='ocrx_word' id='word_1_210' title='bbox 910 3069 1066 3149; x_wconf 88' lang='lat' dir='ltr'><strong>manibus,</strong></span> 
     </span>
    </p>
   </div>
   <div class='ocr_carea' id='block_1_6' title="bbox 322 3150 1107 3302">
    <p class='ocr_par' dir='ltr' id='par_1_6' title="bbox 322 3150 1107 3302">
     <span class='ocr_line' id='line_1_33' title="bbox 322 3150 1107 3248; baseline 0 -32"><span class='ocrx_word' id='word_1_211' title='bbox 322 3150 499 3248; x_wconf 74' lang='lat' dir='ltr'><strong>Osculaque</strong></span> <span class='ocrx_word' id='word_1_212' title='bbox 521 3150 668 3247; x_wconf 85' lang='lat' dir='ltr'><strong>opposito</strong></span> <span class='ocrx_word' id='word_1_213' title='bbox 691 3150 777 3247; x_wconf 77' lang='lat' dir='ltr'><strong>dicat</strong></span> <span class='ocrx_word' id='word_1_214' title='bbox 798 3151 860 3216; x_wconf 88' lang='lat' dir='ltr'><strong>sibi</strong></span> <span class='ocrx_word' id='word_1_215' title='bbox 882 3152 990 3217; x_wconf 81' lang='lat' dir='ltr'><strong>debita</strong></span> <span class='ocrx_word' id='word_1_216' title='bbox 1011 3155 1107 3216; x_wconf 87' lang='lat' dir='ltr'><strong>vento</strong></span> 
     </span>
     <span class='ocr_line' id='line_1_34' title="bbox 363 3234 963 3302; baseline 0.005 -3"><span class='ocrx_word' id='word_1_217' title='bbox 363 3234 408 3299; x_wconf 75' lang='lat' dir='ltr'><strong>loc</strong></span> <span class='ocrx_word' id='word_1_218' title='bbox 428 3234 510 3299; x_wconf 78' lang='lat' dir='ltr'><strong>nihil</strong></span> <span class='ocrx_word' id='word_1_219' title='bbox 531 3234 629 3299; x_wconf 85' lang='lat' dir='ltr'><strong>mfido</strong></span> <span class='ocrx_word' id='word_1_220' title='bbox 651 3234 759 3300; x_wconf 84' lang='lat' dir='ltr'><strong>durrus</strong></span> <span class='ocrx_word' id='word_1_221' title='bbox 781 3256 850 3300; x_wconf 88' lang='lat' dir='ltr'><strong>csse</strong></span> <span class='ocrx_word' id='word_1_222' title='bbox 872 3237 963 3302; x_wconf 83' lang='lat' dir='ltr'><strong>viro?</strong></span> 
     </span>
    </p>
   </div>
   <div class='ocr_carea' id='block_1_7' title="bbox 321 3317 1057 3401">
    <p class='ocr_par' dir='ltr' id='par_1_7' title="bbox 321 3277 1313 3507">
     <span class='ocr_line' id='line_1_35' title="bbox 321 3317 1057 3401; baseline 0.003 -17"><span class='ocrx_word' id='word_1_223' title='bbox 321 3319 372 3384; x_wconf 81' lang='lat' dir='ltr'><strong>Tu</strong></span> <span class='ocrx_word' id='word_1_224' title='bbox 392 3317 498 3401; x_wconf 80' lang='lat' dir='ltr'><strong>patrui</strong></span> <span class='ocrx_word' id='word_1_225' title='bbox 519 3320 649 3385; x_wconf 89' lang='lat' dir='ltr'><strong>meritas</strong></span> <span class='ocrx_word' id='word_1_226' title='bbox 672 3341 786 3385; x_wconf 90' lang='lat' dir='ltr'><strong>conare</strong></span> <span class='ocrx_word' id='word_1_227' title='bbox 808 3323 910 3387; x_wconf 83' lang='lat' dir='ltr'><strong>antire</strong></span> <span class='ocrx_word' id='word_1_228' title='bbox 932 3343 1057 3386; x_wconf 88' lang='lat' dir='ltr'><strong>secures</strong></span> 
     </span>
    </p>
   </div>
   <div class='ocr_carea' id='block_1_8' title="bbox 273 3401 1138 3661">
    <p class='ocr_par' dir='ltr' id='par_1_8' title="bbox 273 3401 1138 3661">
     <span class='ocr_line' id='line_1_36' title="bbox 273 3401 981 3472; baseline 0.004 -6"><span class='ocrx_word' id='word_1_229' title='bbox 273 3417 307 3466; x_wconf 75' lang='lat' dir='ltr'><strong>ro</strong></span> <span class='ocrx_word' id='word_1_230' title='bbox 362 3401 407 3466; x_wconf 80' lang='lat' dir='ltr'><strong>Et</strong></span> <span class='ocrx_word' id='word_1_231' title='bbox 427 3404 534 3468; x_wconf 86' lang='lat' dir='ltr'><strong>vetera</strong></span> <span class='ocrx_word' id='word_1_232' title='bbox 554 3403 662 3469; x_wconf 86' lang='lat' dir='ltr'><strong>oblitis</strong></span> <span class='ocrx_word' id='word_1_233' title='bbox 683 3405 752 3468; x_wconf 86' lang='lat' dir='ltr'><strong>iura</strong></span> <span class='ocrx_word' id='word_1_234' title='bbox 772 3407 857 3472; x_wconf 86' lang='lat' dir='ltr'><strong>refer</strong></span> <span class='ocrx_word' id='word_1_235' title='bbox 878 3407 981 3472; x_wconf 89' lang='lat' dir='ltr'><strong>sociis.</strong></span> 
     </span>
     <span class='ocr_line' id='line_1_37' title="bbox 322 3483 1138 3574; baseline 0 -22"><span class='ocrx_word' id='word_1_236' title='bbox 322 3483 407 3552; x_wconf 85' lang='lat' dir='ltr'><strong>Nam</strong></span> <span class='ocrx_word' id='word_1_237' title='bbox 427 3489 482 3549; x_wconf 89' lang='lat' dir='ltr'><strong>tua</strong></span> <span class='ocrx_word' id='word_1_238' title='bbox 502 3509 569 3553; x_wconf 91' lang='lat' dir='ltr'><strong>non</strong></span> <span class='ocrx_word' id='word_1_239' title='bbox 590 3491 677 3552; x_wconf 84' lang='lat' dir='ltr'><strong>aetas</strong></span> <span class='ocrx_word' id='word_1_240' title='bbox 698 3511 849 3574; x_wconf 85' lang='lat' dir='ltr'><strong>umquam</strong></span> <span class='ocrx_word' id='word_1_241' title='bbox 872 3492 1006 3558; x_wconf 81' lang='lat' dir='ltr'><strong>cessavit</strong></span> <span class='ocrx_word' id='word_1_242' title='bbox 1027 3488 1138 3571; x_wconf 82' lang='lat' dir='ltr'><strong>amori,</strong></span> 
     </span>
     <span class='ocr_line' id='line_1_38' title="bbox 365 3570 1138 3661; baseline 0.004 -25"><span class='ocrx_word' id='word_1_243' title='bbox 365 3570 496 3655; x_wconf 82' lang='lat' dir='ltr'><strong>Semper</strong></span> <span class='ocrx_word' id='word_1_244' title='bbox 517 3575 549 3638; x_wconf 88' lang='lat' dir='ltr'><strong>et</strong></span> <span class='ocrx_word' id='word_1_245' title='bbox 570 3576 709 3638; x_wconf 79' lang='lat' dir='ltr'><strong>armatae</strong></span> <span class='ocrx_word' id='word_1_246' title='bbox 732 3595 807 3639; x_wconf 87' lang='lat' dir='ltr'><strong>cura</strong></span> <span class='ocrx_word' id='word_1_247' title='bbox 827 3577 891 3642; x_wconf 74' lang='lat' dir='ltr'><strong>fuit</strong></span> <span class='ocrx_word' id='word_1_248' title='bbox 910 3575 1047 3661; x_wconf 84' lang='lat' dir='ltr'><strong>patriae;</strong></span> <span class='ocrx_word' id='word_1_249' title='bbox 1134 3631 1138 3640; x_wconf 92' lang='lat'>.</span> 
     </span>
    </p>
   </div>
   <div class='ocr_carea' id='block_1_9' title="bbox 0 0 1327 4140">
    <p class='ocr_par' dir='ltr' id='par_1_9' title="bbox 0 0 1327 4140">
     <span class='ocr_line' id='line_1_39' title="bbox 0 0 1327 4140; baseline 0 0"><span class='ocrx_word' id='word_1_250' title='bbox 0 0 1327 4140; x_wconf 95' lang='lat' dir='ltr'><strong> </strong></span> 
     </span>
    </p>
   </div>
  </div>
 </body>
</html>
