2630 4110
271 457 540 534 PRAEFATIO
565 459 882 537 PRIAPEORVM.

154 627 270 688 catulli
291 631 504 704 cantorumque
524 629 722 706 Euphorionis
742 631 814 692 libri
839 635 874 691 ut
895 631 1060 708 plurimum

89 713 254 774 valuerunt
275 712 312 771 ad
332 713 504 774 formandos
518 718 621 790 poetas
636 734 696 790 sos,
718 716 770 791 qui
784 717 906 776 fuenmt
919 717 1058 794 Augusto

91 799 277 872 imperante,
297 797 340 854 ita
354 796 434 872 quod
455 816 541 874 saepe
558 800 595 858 ab
610 799 705 860 isdem
720 817 787 858 oum
806 800 918 860 honore
933 819 1058 860 comme-

91 883 259 954 morantur,
274 899 336 940 non
352 881 410 940 erit
428 882 547 940 mirum.
578 882 704 954 Quidam
725 885 815 942 etiam
831 885 951 960 longius
965 903 1059 959 aequo

92 965 247 1040 progressi
261 983 365 1023 eorum
380 965 585 1026 admiratione.
607 965 694 1025 Vnde
708 965 851 1026 Horatius
865 967 1015 1028 invehitur
1028 969 1061 1028 in

93 1049 216 1108 simium
235 1049 338 1122 illum,
365 1050 416 1124 qui
434 1049 510 1110 nihil
524 1052 643 1125 praeter
664 1049 775 1109 Catulli
801 1049 942 1125 Oslvique
966 1053 1060 1112 libros

94 1135 214 1196 cantare
230 1133 270 1191 sit
285 1132 397 1192 doctus.
423 1133 466 1192 Aa
479 1134 567 1193 alitor
582 1131 747 1210 Vergilius:
900 1155 901 1158 ¹

180 1216 260 1274 Nam
274 1235 371 1291 neque
385 1217 479 1278 adhuc
493 1217 585 1277 Vario
599 1217 704 1278 videor
717 1235 772 1277 nec
787 1217 882 1276 dicere
899 1216 994 1278 Cinna

179 1300 289 1376 Digna,
305 1301 357 1360 sad
371 1303 493 1376 argutos
508 1301 589 1361 inter
603 1305 735 1378 strepeto
751 1321 837 1362 anser
852 1303 965 1379 olores,

94 1387 125 1442 εὴ
139 1383 330 1460 Lygdamus:

183 1469 233 1527 Sic
247 1469 353 1528 cecinit
367 1487 420 1544 pro
435 1472 466 1528 te
481 1469 593 1543 doctis,
609 1469 712 1544 Minoi,
729 1469 876 1546 Catullus,

181 1551 299 1628 ingrati
313 1553 445 1614 referens
459 1553 552 1630 impia
565 1553 644 1612 facta
657 1553 730 1629 viri3

95 1640 127 1696 st
139 1655 232 1712 porro
249 1635 371 1696 Ovidius
385 1638 418 1696 in
432 1638 564 1713 epicedio
580 1637 707 1698 Tibulli:

183 1719 297 1780 Obvius
310 1721 379 1779 huic
392 1721 494 1782 venias
508 1721 617 1780 hedera
630 1722 780 1781 iuvenalia
795 1721 909 1782 cinctus

183 1804 341 1881 Tempora,
357 1823 424 1864 curn
439 1805 540 1878 Calvo,
557 1806 642 1865 docte
659 1803 784 1878 Catulle,
800 1808 862 1864 tuo.

97 1889 183 1947 idem
203 1891 235 1946 et
255 1888 341 1962 alibi,
363 1890 467 1964 quanti
487 1889 594 1948 fecerit
614 1887 766 1947 Catullum
787 1905 854 1946 cum
876 1888 1064 1952 consortibus

98 1973 198 2046 studii,
214 1972 379 2031 identidem
394 1974 533 2047 declarat,
554 1991 609 2032 neo
622 1991 693 2032 vero
709 1971 807 2031 minus
822 1971 1005 2048 Propertius.

163 2055 224 2115 Sed
243 2060 452 2132 praeterquam
473 2057 552 2133 quod
572 2056 673 2116 laudes
688 2056 888 2132 Euphorionis
909 2061 1064 2118 cantorum

99 2141 252 2200 occasione
279 2141 353 2216 ¹(lata
379 2141 532 2202 inseruere
561 2141 740 2201 carminibus
765 2140 894 2216 proximi
919 2144 1063 2218 temporis

98 2228 214 2300 poetae,
229 2225 319 2284 etiam
333 2225 499 2286 imitatione
514 2244 618 2286 eorum
628 2229 802 2302 presserunt
815 2225 951 2301 vestigia.
967 2225 1064 2285 Huius

99 2309 194 2368 studii
212 2309 385 2372 testimonia
404 2309 483 2368 haud
501 2328 595 2385 pauca
614 2313 649 2368 ut
668 2311 770 2368 extant
791 2309 871 2381 alibi,
893 2311 935 2367 ita
948 2313 1013 2368 tota
1028 2309 1066 2368 ad

100 2393 330 2452 aemulationem
343 2395 464 2456 illorum
478 2395 612 2454 invenies
629 2393 791 2468 composita
807 2393 918 2468 epyllia
934 2392 1065 2452 Culicem

45 2491 47 2496 ’
99 2479 132 2538 et
143 2477 247 2550 Cirirn,
262 2480 328 2536 tum
340 2477 452 2554 (iopam
467 2480 498 2536 et
511 2478 660 2538 Moratum
674 2481 705 2536 ct
719 2478 806 2536 Diras
820 2477 934 2553 idyllia,
951 2479 1064 2552 postre-

100 2581 149 2620 mo
169 2562 290 2620 libellos
310 2562 505 2638 Priapeorum
525 2564 556 2621 et
576 2561 748 2622 Gatalecton
768 2564 800 2620 et
819 2561 1064 2636 epigrammaton,

101 2665 177 2722 quae
199 2649 304 2704 cuncta
323 2665 340 2703 a
360 2647 478 2706 Donato
497 2644 671 2706 tribuuntm
690 2645 835 2722 Vergilio.
882 2645 1066 2719 Quamquam

102 2733 318 2807 epigrammata
329 2730 469 2790 videntur
482 2730 574 2790 fuisse
589 2731 626 2789 ab
640 2730 726 2790 initio
741 2728 926 2805 paucissima,
939 2747 993 2788 neo
1003 2729 1066 2788 fere

101 2816 160 2875 nisi
174 2815 237 2888 illa,
259 2834 332 2890 quae
347 2815 379 2874 in
393 2815 464 2874 vitis
478 2813 607 2890 Vergilii
622 2815 751 2890 antiquis
771 2814 800 2872 ei
819 2815 899 2872 recta
915 2831 968 2873 seu
982 2831 1065 2873 secus

101 2900 286 2973 tribuuntur,
299 2903 334 2957 ut
344 2901 417 2974 puta
427 2901 585 2958 mosterot
600 2900 651 2958 boc
664 2899 804 2973 lapidum,
815 2903 896 2958 nocte
904 2899 983 2970 plait
997 2903 1067 2967 toto,

101 2986 152 3045 bos
167 3002 217 3058 epo
231 2985 393 3052 versiculos,
408 2985 540 3043 Moctao
553 3001 598 3043 occ
610 2985 720 3058 possuit.
735 3029 738 3036 .

168 3067 309 3128 Ceterum
324 3067 404 3142 quod
418 3069 606 3143 appellantur
620 3068 652 3126 in
666 3067 711 3126 his
727 3065 906 3126 carminibus
917 3064 1074 3140 Messalla,

103 3152 254 3225 Octavius,
278 3151 404 3226 Plotius,
426 3152 545 3226 Varius,
566 3169 708 3227 agnosces
729 3149 896 3210 studiorum
916 3153 1067 3210 consortes
1125 3173 1127 3177 ⁴

103 3257 163 3310 eos,
179 3255 254 3312 quos
264 3235 359 3312 babes
374 3237 405 3296 in
419 3235 538 3296 Horatii
555 3239 610 3295 sat.
625 3235 650 3308 I,
670 3237 717 3307 10,
739 3236 862 3308 excepto
877 3235 957 3311 quod
970 3235 1022 3310 qui
1035 3235 1069 3294 in

104 3321 167 3382 Oiri
181 3320 351 3397 appellatur
375 3316 413 3398 [v.
430 3323 479 3380 36.
496 3315 548 3397 54]
570 3319 712 3378 iuvenum
727 3317 914 3378 doctissimus
929 3319 1070 3378 Messalla

102 3407 199 3465 filium
212 3405 314 3482 potius
330 3405 455 3464 oratoris
471 3403 664 3475 celeberrimi,
678 3403 871 3462 Messalinum
885 3403 974 3479 volgo
990 3401 1069 3460 voci·

103 3495 208 3564 tatum,
221 3491 330 3566 dequo
343 3491 424 3548 extat
434 3505 553 3546 carmen
566 3487 687 3564 Tibulli,
699 3487 784 3564 tangi
795 3487 945 3547 adsentior
954 3483 1071 3543 Teuffe-

153 3623 283 3666 (trrrnnvs.
849 3597 869 3652 d
