2632 4140
132 175 219 248 XVI.]
384 213 386 218 ,
534 177 641 234 LIBER
663 177 684 237 1.
780 179 783 183 ’
1057 176 1098 238 15
1190 243 1204 272 0

135 349 166 398 17
179 337 250 402 Nec
272 337 318 402 sic
335 337 518 404 Aesoniden
539 339 736 423 rapientibus
757 341 853 406 ,anxia
873 341 978 406 ventis
1067 350 1098 402 15

219 421 399 569 Hypsipyle
420 443 519 488 vacuo
542 424 688 488 constitit
708 425 744 490 in
764 425 920 490 thalamo:

176 504 357 654 Hyps1pye
378 507 485 571 nullos
507 510 582 591 post
602 508 676 572 illos
699 509 800 574 sensit
821 529 959 592 amores,

249 593 265 653 t
287 589 386 655 semel
406 589 586 656 Haemonio
608 593 712 657 tabuit
732 593 882 677 hospitio.
1047 603 1050 610 ’

137 686 168 737 15
179 673 396 823 Alphesiboea
417 695 492 739 suos
512 675 612 773 ultast
631 698 689 760 pro
712 677 848 774 coniuge
869 678 1000 760 fratres,

9 815 32 873 ³
136 761 939 942 ῃοοωᾙᾞὲἔῃὲᾛέῗὲἓῗ]Ερῗέῗὲἑεε
1065 773 1100 823 ²⁰

222 925 360 1010 Occrdrt,
382 927 522 1012 Argivae
543 926 630 992 fama
650 928 831 1012 pudicitrae.

180 1011 320 1088 Quarum
340 1009 431 1074 nulla
450 1013 524 1076 tuos
545 1011 652 1094 potuit
673 1016 857 1078 convertere
878 1034 998 1096 mores,

221 1095 270 1160 Tu
291 1115 416 1180 quoque
438 1095 486 1158 uti
507 1095 598 1159 fieres
619 1095 737 1160 nobilis
758 1095 903 1162 historia.
1019 1145 1023 1152 .

179 1178 298 1244 Desine
318 1179 383 1244 iam
403 1200 552 1244 revocare
572 1179 638 1244 tuis
658 1179 797 1264 periuria
817 1181 937 1264 verbis,
1065 1191 1098 1241 25

164 1261 377 1348 =Oynthia,
400 1266 433 1345 et
453 1262 572 1328 oblitos
593 1273 688 1347 parce
709 1285 837 1330 movere
859 1264 949 1348 deos,
1023 1343 1062 1350 Ι,
1125 1271 1128 1278 ’

179 1348 293 1412 Audax
314 1370 342 1432 a,
364 1347 499 1414 nimium
520 1349 631 1412 nostro
654 1348 793 1413 dolitura
813 1349 944 1432 pericle,

222 1431 334 1516 Siquid
355 1431 438 1496 forte
458 1431 520 1496 tibi
541 1431 650 1496 durius
671 1432 829 1497 inciderit.

57 1553 59 1560 ι
161 1515 271 1580 ‘Muta
291 1516 380 1600 prius
401 1519 491 1580 vasto
514 1516 662 1581 labentur
681 1516 816 1582 flumina
836 1520 951 1615 ponto,

222 1601 337 1664 Annus
359 1603 393 1665 et
412 1601 560 1664 inversas
577 1599 701 1665 duxerit
722 1604 797 1664 ante
818 1622 918 1684 vices,
1065 1612 1099 1662 80

181 1683 282 1761 Quam
304 1689 360 1748 tua
381 1683 439 1748 sub
461 1687 572 1748 nostro
594 1687 734 1749 mutetur
755 1687 883 1768 pectore
906 1703 999 1750 cura:

224 1768 275 1834 Sis
298 1768 518 1852 quodcumque
539 1768 643 1850 voles,
666 1789 733 1832 non
755 1768 860 1832 aliena
880 1771 998 1831 tamen.
1037 1829 1038 1834 ,

181 1851 266 1919 Nam
287 1852 367 1918 mihi
388 1873 429 1916 ne
451 1852 531 1916 viles
552 1852 608 1915 isti
628 1851 795 1916 videantur
816 1852 925 1934 ocelli,
1154 1855 1156 1860 '

223 1937 284 2004 Per
306 1957 385 2021 quos
408 1958 501 2021 saepe
521 1935 602 2000 mihi
624 1936 743 2000 credita
763 1935 940 2020 perfidiastl

181 2020 252 2087 Hos
270 2025 306 2086 tu
327 2021 469 2105 iurabas,
491 2019 596 2104 siquid
617 2019 753 2084 mentita
773 2020 902 2103 fuisses,
1066 2031 1099 2082 85

223 2105 269 2170 Vt
290 2105 350 2170 tibi
372 2104 546 2190 suppositis
569 2105 751 2169 exciderent
770 2104 933 2170 manibus:
1005 2111 1007 2116 ’

182 2189 226 2254 Et
247 2193 359 2255 contra
379 2211 532 2275 magnum
553 2192 645 2274 potes
666 2188 727 2254 hos
749 2189 894 2254 attollere
915 2188 1030 2272 solem,

222 2273 255 2342 N
257 2295 292 2340 ec
313 2273 424 2339 tremis
447 2273 602 2338 admissae
624 2273 754 2339 conscia
774 2272 957 2357 nequitiae?

182 2357 258 2434 Quis
279 2361 312 2422 te
334 2359 470 2444 cogebat
490 2357 609 2422 multos
630 2357 749 2442 pallere
775 2358 897 2422 colores

222 2441 268 2507 Et
287 2442 398 2506 fletum
419 2440 528 2506 invitis
551 2439 664 2507 ducere
683 2440 881 2506 luminibus?
1065 2453 1100 2504 4ο
1146 2467 1148 2470 ·

183 2525 259 2604 Quis
279 2547 340 2612 ego
354 2547 440 2590 nunc
455 2546 551 2610 pereo
574 2525 693 2590 similes
708 2525 887 2590 moniturus
902 2527 1044 2590 amantes

224 2611 269 2677 ε0
291 2611 388 2674 nullis
409 2613 515 2674 tutum
537 2609 664 2674 credere
684 2609 883 2674 blanditiisl'

571 2823 666 2896 XVI.

183 2945 270 3022 Quae
284 2946 407 3012 sueram
421 2947 547 3032 magnis
563 2946 639 3011 olim
653 2946 815 3094 patefacta
827 2943 1015 3029 triumphis,

173 3039 176 3046 “
223 3030 324 3095 lanua
338 3030 490 3116 Tarpeiae
511 3033 589 3096 nota
609 3052 653 3116 pu
676 3029 796 3114 icitiae,

183 3113 279 3180 (iuius
301 3116 440 3181 inaurati
462 3115 662 3180 celebrarunt
682 3114 795 3178 limina
816 3133 940 3196 currus,

223 3197 399 3283 Captorum
420 3199 559 3264 lacrimis
580 3199 688 3262 umida
709 3196 922 3280 supplicibus,

180 3281 277 3348 Nunc
300 3304 375 3368 ego,
396 3283 564 3348 nocturnis
585 3285 735 3366 potorum
756 3280 864 3345 saucia
884 3280 978 3364 rixis,
1082 3289 1100 3343 5

223 3365 355 3431 Pulsate
375 3367 442 3432 indi
493 3367 518 3430 ‘s
541 3387 634 3450 saepe
656 3385 770 3449 queror
790 3364 937 3430 manibus

179 3449 225 3516 Et
246 3449 327 3515 mihi
348 3473 416 3517 non
437 3388 552 3515 pean,
572 3452 681 3534 turpes
702 3447 841 3534 pendere
863 3466 938 3514 coro
965 3469 1002 3514 ae
