2630 4110
490 165 701 226 PRAEFATIO.
963 181 1075 230 xnx1x

173 331 335 392 Praetores
356 331 498 392 excidisse
518 333 622 393 Laevii
640 351 750 392 nomen
778 331 811 392 in
834 332 880 394 his
901 353 977 410 quoe
997 337 1076 411 apud

110 416 302 476 scholiastam
316 414 521 476 Veronensum
535 417 675 478 adnotata
689 419 760 478 sunt
774 417 811 476 ad
825 437 889 478 aen.
905 417 977 492 1111,
996 421 1073 478 146:

106 501 235 574 pictique
248 498 417 576 Αραϋιψεὲ.
447 499 555 578 ‘Asper
567 501 663 580 pictos
678 500 838 582 stigmosos
852 503 887 560 ut
903 497 1016 582 [georg.
1033 501 1073 578 Π,

111 579 186 662 115]
203 586 353 658 pictosque
367 581 499 657 Gemma,
518 585 550 646 in
565 583 829 644 Protesilaodamia
844 581 1073 662 (Protesilaoda-

109 667 189 726 miae
204 664 263 744 cd.)
279 669 313 728 de
322 669 454 744 papmin
468 711 539 728 .....
553 668 622 728 icccc
636 673 716 745 tergo
729 667 855 728 debeant
868 669 1016 748 stipenota'
1032 699 1074 714 ·-

110 755 192 810 recte
218 751 337 812 monuit
361 751 508 812 Henricus
532 751 656 812 Kailius.
696 749 797 812 Verba
821 753 886 828 ipsa
911 747 1073 830 fragmenti

110 837 262 912 temptare
276 835 462 914 supersedeo.
1138 893 1142 904 ,

174 918 290 978 Deinde
311 937 380 978 casu
399 919 497 980 nescio
523 938 581 998 quo
601 920 721 997 neglexi
745 937 867 982 monere
891 939 994 982 sersus
1021 921 1073 996 qui

110 1005 183 1062 sunt
203 1001 384 1080 ‘antipathes
401 1002 478 1062 illud
496 1003 661 1078 quaerum,
687 1003 798 1080 philtra
823 1005 922 1064 omnia
941 1003 1072 1078 undique

109 1087 252 1146 inruunt'
271 1085 391 1148 inverso
410 1085 513 1146 ordine
527 1086 589 1162 legi
608 1087 641 1146 in
659 1085 746 1146 libris
759 1085 962 1162 Appuleianis,
983 1105 1072 1164 quem

110 1171 243 1247 primum
262 1169 433 1229 immutavit
453 1169 625 1232 Salmasius.
654 1169 748 1230 Porro
768 1169 891 1246 proprie
905 1169 1073 1230 coniectura

111 1253 188 1312 illud
208 1253 380 1329 ‘qnaeritor'
401 1253 573 1330 scripsimus
591 1271 646 1329 pro
668 1253 854 1330 ‘quaeritant
884 1253 920 1312 In
939 1273 967 1314 v.
984 1255 1003 1312 3
1018 1255 1071 1312 ali·

112 1337 228 1414 quando
250 1337 353 1396 dubito
374 1356 412 1396 an
430 1337 540 1398 rectius
563 1337 671 1396 habeat
695 1335 775 1414 quod
802 1337 950 1397 codicibus
976 1337 1072 1397 fertin-

111 1420 300 1493 ‘trochiscili
314 1423 447 1498 ungues’
468 1440 557 1496 quam
571 1419 651 1496 quod
666 1421 809 1498 Scaligeri
822 1421 1013 1498 quantumuis
1026 1421 1070 1482 in·

101 1505 263 1580 rgeniosam
283 1505 482 1564 coniecturam
501 1505 594 1564 secuti
613 1505 800 1581 reposuimus
815 1505 984 1579 ‘trochisci,
1005 1503 1069 1580 iyn-

110 1589 192 1666 ges’.
221 1587 302 1648 Illud
316 1590 417 1648 nmen
430 1591 544 1650 cecum
558 1588 589 1647 id
604 1588 684 1665 quod
696 1589 810 1666 placuit
825 1587 968 1650 Salmasio
990 1586 1069 1648 ‘tro-

110 1672 192 1744 chus,
207 1672 271 1748 pili,
285 1672 413 1750 ungues'
428 1669 588 1734 barbarum
603 1673 776 1732 stelionum
791 1691 809 1730 a
822 1672 942 1732 Laerio.

175 1754 314 1816 Ceterum
336 1773 404 1818 cum
423 1757 486 1815 tarn
504 1757 633 1816 mutum
653 1755 690 1816 de
710 1758 799 1832 poeta
818 1755 874 1814 hoo
887 1755 1070 1831 quaesierint

110 1839 205 1914 docti,
224 1839 322 1916 placet
341 1835 409 1900 addi
426 1838 476 1900 hic
495 1858 569 1916 quae
584 1838 751 1915 Porphyrio
771 1855 904 1914 quaeque
918 1837 1069 1899 Ausonius

110 1923 147 1981 de
167 1942 203 1982 co
222 1923 384 1997 tradidere,
406 1941 584 2000 quamquam
604 1923 688 1982 nullo
709 1922 771 1980 fere
786 1924 857 1980 sunt
870 1938 935 1980 usu.
964 1919 1068 1996 Itaque

111 2007 162 2066 ille
183 2007 221 2066 ad
238 2007 435 2068 Horatianum
453 2007 534 2083 quod
556 2007 603 2068 est
622 2006 765 2066 ‘ommino
784 2023 845 2066 non
865 2003 947 2082 prius
968 2004 1070 2064 audita

109 2091 264 2153 Musarum
278 2089 413 2152 sacerdos
427 2091 594 2168 virginibus
607 2091 764 2168 puerisque
779 2089 878 2152 canto'
892 2089 964 2148 haec
978 2087 1067 2148 edno-

110 2178 170 2234 tat:
188 2173 330 2234 ‘carmina
343 2193 405 2236 non
419 2174 502 2252 prius
516 2174 633 2249 audita;
648 2193 666 2232 a
679 2173 821 2234 Romanis
836 2174 950 2250 supple,
966 2191 1067 2248 quam-

110 2259 154 2318 vis
175 2257 303 2318 Laevius
322 2259 417 2335 lyrica
435 2259 565 2318 carmina
584 2261 654 2317 ante
667 2256 825 2317 Horatium
840 2256 999 2332 scripserit,
1016 2257 1068 2316 sed

110 2342 250 2402 videntur
261 2341 316 2404 illc
327 2360 389 2404 non
400 2341 579 2402 Graecorum
592 2343 660 2418 loge
674 2341 712 2400 ad
725 2341 853 2418 lyricum
868 2340 1068 2402 characterem

109 2426 234 2486 exacta’.
277 2425 332 2486 His
353 2425 463 2486 similia
481 2425 574 2486 uadit
592 2425 682 2486 Acro.
724 2426 803 2498 Quae
823 2425 860 2483 ab
880 2424 961 2484 omni
981 2426 1067 2500 parte

109 2511 181 2570 sunt
193 2510 360 2574 salsissima.
389 2509 468 2570 Nam
480 2510 568 2587 lyrici
581 2509 719 2570 carminis
733 2508 912 2586 grauatum
927 2510 958 2566 et
969 2506 1066 2566 imita-

109 2595 222 2654 tionem
240 2593 344 2654 Mosei
365 2593 494 2654 Laevius
512 2613 574 2654 non
592 2593 688 2669 magis
702 2612 791 2670 quarn
810 2591 918 2667 reliqui
933 2592 1067 2650 cantores

108 2678 309 2756 Euphorionis
323 2678 431 2755 quibus
445 2696 555 2756 suppar
568 2680 615 2737 est
628 2679 724 2736 aetate
739 2675 888 2748 sustinuit,
903 2692 992 2750 quem
1006 2691 1067 2732 non

109 2763 166 2823 nisi
181 2761 324 2822 amatoria
337 2764 369 2822 et
383 2762 548 2822 convivalia
561 2761 692 2820 carmina
711 2759 871 2836 scripsisse,
888 2757 1068 2818 alienissima

108 2845 228 2922 quidem
246 2845 451 2905 scothurncto
470 2845 524 2905 illo
545 2845 607 2904 ‘odi
625 2844 784 2920 profanum
798 2843 904 2919 volgus
923 2843 955 2901 et
969 2843 1065 2900 arceo'

108 2932 172 3005 ipse
186 2929 293 2990 titulus
307 2929 539 3006 erotopaegnion
553 2928 747 2987 demonstrat.
767 2927 845 2986 Nam
858 2943 914 2984 nec
920 2925 1067 2984 Alcestim

108 3013 269 3074 Inonemve
290 3031 343 3072 seu
356 3011 651 3074 Protesilaodamiam
665 3011 715 3072 vel
729 3012 827 3070 cetera
840 3007 964 3086 mythici
978 3025 1066 3082 argu·

107 3098 201 3176 menti
221 3097 364 3173 opuscula
378 3097 490 3173 epyllia
503 3096 603 3172 potius
616 3095 708 3155 turso
723 3112 812 3170 quam
825 3091 940 3168 idyllia,
955 3090 1067 3150 referta

107 3181 227 3258 quidem
245 3182 300 3240 illa
320 3179 552 3258 digressionibus
567 3197 600 3239 ac
614 3177 756 3239 diverbiis
769 3177 830 3234 iam
843 3175 875 3234 in
889 3175 966 3235 libro
981 3175 1017 3234 de
1032 3194 1066 3234 re

106 3266 229 3325 metrica
242 3283 293 3341 pg.
311 3266 350 3323 ⁷5
364 3264 542 3324 monuimus.
570 3263 675 3338 Neque
689 3279 830 3322 versuum
844 3261 906 3318 arte
922 3277 955 3319 ac
968 3259 1065 3320 nitore

107 3350 284 3409 destitutum
303 3367 372 3408 eum
392 3349 484 3408 fuisse
503 3347 564 3405 ism
583 3348 652 3421 post
672 3362 755 3404 curas
769 3346 886 3404 nostras
901 3343 1064 3420 apparebit.

107 3432 246 3495 Ceterum
261 3451 329 3494 cum
349 3433 387 3493 ob
409 3431 615 3492 difficultatem
629 3431 794 3490 metrorum
808 3428 897 3490 simul
912 3431 999 3504 atque
1014 3445 1065 3486 au·
