2628 4116
261 213 303 280 42
668 219 820 275 curvum
1102 219 1216 292 [amur

325 381 371 447 Vt
391 385 465 466 pote
487 381 593 448 fallaci
614 403 694 466 quae
714 385 784 445 tum
805 381 943 464 primum
965 379 1069 444 excita
1090 402 1199 445 somno

325 466 493 532 Desertam
514 468 548 530 in
571 467 640 530 sola
660 467 809 530 miseram
831 486 864 529 se
887 468 996 528 cernat
1018 487 1122 530 arena.

325 549 487 616 Inmemor
509 554 542 614 at
563 551 684 614 iuvenis
706 549 832 634 fugiens
853 549 946 632 pellit
966 549 1048 613 vada
1068 549 1180 633 remis,

326 635 428 700 Inrita
449 637 598 700 ventosae
620 634 767 716 linquens
788 633 944 717 promissa
965 633 1143 716 procellae·

244 825 249 858 '
278 733 311 781 so
327 719 427 868 {luem
448 719 561 866 ppocpp
582 739 621 814 ex
642 717 717 865 eilge
729 717 866 864 limldlis
888 715 1154 865 {insistocellllia

63 837 89 890 (A
100 845 163 892 lm
181 823 228 894 Νι
244 858 259 882 ⁰
327 824 487 972 Pidiplielt
507 824 541 950 dt
561 822 853 982 hldhmdedmffl
874 823 1013 982 Aucldhetl
1026 823 1161 982 indidi,

327 970 404 1036 Non
424 971 505 1034 flavo
527 971 669 1034 retinens
690 969 839 1034 subtilem
860 973 978 1034 vert1ce
998 971 1142 1052 mrtram,

328 1054 403 1120 Non
425 1058 571 1120 contecta
592 1055 654 1119 levi
675 1057 696 1135 t
715 1055 855 1118 velatum
875 1056 986 1136 pectus
1008 1055 1141 1136 amictu,

279 1153 312 1202 ee
326 1139 402 1204 Non
422 1140 517 1204 tereti
538 1138 681 1222 strophio
703 1139 857 1202 lactantes
879 1139 987 1202 vincta
1007 1138 1159 1221 papillas,

329 1223 445 1287 Omnia
466 1245 546 1306 quae
566 1225 635 1286 toto
659 1222 788 1304 delapsa
809 1243 826 1286 e
849 1243 980 1306 corpore
1001 1223 1121 1304 passim

330 1306 435 1389 Ipsius
458 1309 532 1370 ante
553 1305 649 1390 pedes
670 1306 784 1370 fluctus
807 1306 882 1370 salis
905 1305 1106 1370 adludebant.

330 1390 385 1454 Set
397 1411 501 1473 neque
514 1392 584 1453 tum
598 1390 710 1454 mitrae
724 1411 827 1473 neque
841 1393 909 1453 tum
925 1389 1079 1454 fluitantis
1091 1391 1221 1454 amictus

330 1473 392 1538 llla
413 1475 515 1538 vicem
537 1495 649 1538 curans
670 1477 740 1539 toto
762 1495 802 1538 ex
821 1477 854 1538 te
875 1476 1016 1558 pectore,
1039 1473 1178 1558 Theseu,

281 1570 314 1620 vo
329 1558 410 1622 Toto
433 1558 555 1642 animo,
577 1561 647 1622 tota
667 1558 828 1642 pendebat
847 1558 971 1642 perdita
991 1562 1107 1622 mente.

329 1643 360 1705 A
381 1641 510 1725 misera,
532 1641 671 1708 adsiduis
694 1665 789 1726 quam
810 1643 955 1707 luctibus
969 1643 1146 1706 externavit

331 1725 482 1809 Spinosas
504 1726 644 1810 Erycina
665 1749 772 1791 serens
793 1726 828 1790 in
848 1729 977 1810 pectore
999 1748 1089 1790 curas

330 1809 391 1874 Illa
411 1813 618 1896 tempestate,
641 1811 732 1876 ferox
753 1832 849 1894 quom
870 1811 984 1874 robore
1006 1809 1148 1875 Theseus

329 1894 487 1979 Egressus
510 1895 614 1974 curvis
637 1917 655 1959 e
676 1895 822 1960 litoribus
844 1893 948 1958 Piraei

281 1979 448 2064 ‘15Attigit
468 1980 580 2044 iniusti
600 2001 635 2043 re
661 1980 686 2042 's
709 1979 864 2062 Gortynia
883 1981 978 2043 tecta.

329 2062 415 2127 Nam
435 2063 604 2146 perhibent
625 2084 643 2125 o
661 2063 702 2126 'm
724 2063 843 2127 crudeli
863 2065 952 2146 peste
974 2066 1118 2128 coactam

331 2145 583 2230 Androgeoneae
604 2167 724 2229 poenas
747 2147 891 2211 exolvere
913 2147 1017 2211 caedis

330 2229 459 2294 Eiectos
481 2231 609 2294 iuvenes
632 2230 726 2294 simul
748 2234 781 2294 et
801 2231 896 2295 decus
917 2231 1123 2314 innuptarum

331 2313 518 2398 Cecropiam
540 2313 667 2378 solitam
689 2315 891 2398 esse-dapem
913 2314 987 2378 dare
1009 2315 1200 2380 Minotauro

282 2412 316 2460 80
331 2397 408 2473 Quis
430 2401 566 2482 angusta
586 2397 678 2462 malis
701 2420 772 2463 cum
793 2400 920 2480 moenia
940 2399 1145 2479 vexarentur,

331 2482 404 2564 Ipse
426 2503 517 2547 suom
538 2481 679 2546 Theseus
701 2505 759 2566 pro
782 2485 861 2547 caris
884 2504 997 2568 corpus
1019 2484 1155 2549 Athenis

332 2566 478 2630 Proicere
500 2567 624 2650 optavit
645 2567 751 2650 potius
774 2589 869 2650 quam
889 2567 968 2630 talia
990 2565 1118 2632 Cretam

331 2649 456 2714 Funera
478 2648 648 2735 Cecropiae
669 2673 729 2716 nee
750 2652 862 2716 funera
881 2653 1098 2735 portarentur,

331 2735 437 2818 Atque
458 2735 504 2798 ita
523 2756 605 2799 nave
626 2735 689 2799 levi
710 2737 816 2800 nitens
838 2757 875 2800 ac
896 2735 1019 2800 lenibus
1042 2737 1125 2800 auris

282 2831 315 2880 85
331 2817 571 2902 Magnanimum
593 2817 632 2882 ad
654 2819 764 2884 Minoa
785 2820 873 2884 venit
893 2819 1044 2903 sedesque
1067 2819 1225 2903 superbas.

225 2924 227 2927 ’
331 2902 427 2968 Hunc
449 2902 582 2968 simulac
604 2903 717 2988 cupido
740 2903 906 2988 conspexit
926 2904 1045 2968 lumine
1067 2905 1157 2988 virgo
1190 2923 1195 2949 ··

331 2987 447 3072 Regia,
471 3008 565 3070 quam
587 2989 691 3052 suavis
714 2989 861 3072 expirans
883 2990 987 3052 castus
1010 2987 1123 3051 odores

331 3071 480 3136 Lectulus
501 3072 536 3135 in
558 3073 646 3137 molli
669 3073 825 3156 conplexu
846 3071 956 3135 matris
978 3071 1096 3154 alebat,
1197 3079 1201 3145 ἶ

333 3155 447 3232 Quales
468 3149 609 3222 Eurotae
630 3157 829 3242 progignunt
849 3155 981 3219 fiumina
995 3158 1123 3239 =myrtus

282 3251 316 3301 eo
330 3240 457 3305 Aurave
479 3240 646 3306 distinctos
669 3241 774 3312 educit
795 3261 891 3304 verna
913 3240 1050 3323 colores,

331 3323 408 3390 Non
428 3324 516 3407 prius
538 3347 577 3390 ex
598 3325 654 3388 illo
676 3323 848 3410 flagrantia
870 3324 1040 3388 declinavit

331 3406 479 3490 Lumina,
503 3429 597 3491 quam
619 3413 733 3474 cuncto
756 3410 902 3492 concepit
917 3429 1048 3492 corpore
1069 3407 1232 3472 flammam

331 3489 486 3554 Funditus
509 3496 603 3578 atque
625 3493 697 3556 imis
721 3495 838 3558 exarsit
859 3495 927 3556 tota
948 3492 1103 3556 medullis.
