2636 4146
229 207 289 270 104
612 211 805 266 raorncru
916 301 922 308 1
1046 273 1049 276 ,
1146 210 1202 284 [v.
1307 291 1308 298 Ν

290 374 414 438 Ianitor
436 373 476 438 ad
497 373 610 438 dantes
631 373 757 458 vigilet:
781 373 809 436 si
831 373 938 456 pulset
958 371 1073 454 inanis,

334 457 453 524 Surdus
475 459 510 522 in
532 458 702 522 obductam
724 457 863 522 somniet
883 478 983 540 usque
1005 477 1120 520 seram.

291 541 360 607 Nec
380 543 440 606 tibi
462 542 629 626 displiceat
649 543 740 606 miles
762 561 829 606 non
849 541 953 606 factus
975 541 1091 623 amori,

240 640 273 689 50
329 627 361 692 N
363 630 437 690 auta
457 647 517 690 nec
535 627 644 690 attrita
667 627 694 690 si
715 626 799 690 ferat
820 647 892 689 aera
912 647 1024 708 manu,

292 713 360 774 Aut
382 731 516 794 quorum
537 710 649 774 titulus
671 731 728 794 per
750 710 883 774 barbara
905 710 987 774 colla
1008 709 1175 794 pependit,

335 794 458 860 Caelati
480 792 584 859 medio
607 816 679 858 cum
701 793 823 858 saluere
844 795 925 858 foro.

292 881 417 944 Aurum
440 880 594 962 spectato,
616 899 683 942 non
718 900 778 942 uae
791 900 904 943 manus
925 877 1049 942 adferat
1069 899 1200 944 aurum.

334 961 487 1028 Versibus
510 961 627 1028 auditis
650 900 726 1046 quid
746 963 810 1026 nisi
831 963 928 1026 verba
947 961 1053 1026 fares?

244 1059 276 1108 oc
294 1045 389 1134 [Quid
411 1047 499 1112 iuvat
524 1051 640 1110 ornato
661 1046 846 1130 procedere,
868 1046 948 1128 vita,
971 1047 1086 1130 capillo
1146 1066 1149 1070 ·

337 1130 380 1195 Et
401 1134 514 1195 tenues
540 1129 607 1196 Coc
628 1134 715 1196 veste
736 1152 864 1196 movere
885 1128 1007 1218 sinusl]

294 1213 355 1290 Qui
377 1236 496 1298 versus,
519 1215 604 1282 Coae
625 1215 747 1280 dederit
766 1235 826 1279 nec
847 1235 979 1279 munera
1000 1213 1108 1298 vestis,

336 1297 433 1362 Istius
455 1300 515 1364 tibi
537 1300 582 1365 sit
603 1299 698 1364 surda
719 1300 787 1364 sine
810 1319 881 1363 aere
903 1299 980 1382 lyra.

294 1381 380 1446 Dum
402 1387 550 1448 vernats
650 1407 679 1466 s,
708 1383 783 1447 dum
803 1405 842 1448 ru
868 1383 892 1447 's
913 1383 1038 1479 integer
1059 1403 1179 1466 annus,
1307 1371 1308 1398 i

246 1479 280 1529 oo
337 1465 449 1548 Vtere,
471 1489 513 1531 ne
535 1403 702 1552 qiiiffldras
725 1465 804 1530 libet
825 1489 845 1530 a
888 1488 942 1531 ore
964 1465 1039 1530 dies.

269 1550 454 1706 lVidi‘ego
478 1551 601 1615 odorati
623 1553 744 1616 victura
765 1551 887 1615 rosaria
907 1551 1013 1615 Paesti

339 1632 404 1698 Sub
425 1636 582 1699 matutino
602 1640 695 1701 cocta
716 1635 817 1700 iacere
838 1634 948 1700 Noto?

296 1718 356 1782 His
372 1719 513 1783 animum
527 1723 655 1786 nostrae
677 1719 751 1784 dum
772 1722 877 1784 versat
894 1717 1047 1783 Acanthis
1063 1719 1202 1804 amicae,

340 1802 421 1868 Ossa
443 1804 528 1868 inter
548 1809 660 1869 tenues
682 1807 758 1870 sunt
777 1805 943 1868 numerata
963 1806 1059 1867 outae.

249 1900 281 1948 oo
297 1886 359 1954 Sed
382 1909 459 1971 cape
479 1890 659 1972 arquatae,
682 1888 791 1952 Venus
814 1908 832 1952 o
855 1887 977 1972 regina,
999 1886 1168 1951 columbae

342 1971 392 2037 Ob
414 1973 563 2037 meritum
586 1977 659 2038 ante
680 1976 752 2038 tuos
774 1973 905 2057 guttura
927 1973 1013 2035 secta
1033 1970 1133 2034 focos.

296 2056 373 2120 Vidi
395 2076 455 2140 ego
477 2075 595 2141 rugoso
616 2057 730 2120 tussim
752 2076 954 2121 concrescere
976 2055 1068 2137 collo,

232 2200 235 2202 ,
341 2139 502 2222 Sputaque
523 2161 580 2223 per
601 2141 711 2205 dentes
733 2141 779 2204 ire
801 2143 931 2204 cruenta
953 2159 1054 2220 cavos,

298 2224 405 2306 Atque
427 2223 567 2286 animam
588 2224 623 2288 in
643 2227 766 2309 tegetes
786 2227 914 2308 putrem
936 2223 1078 2307 expirare
1098 2244 1157 2308 pa·

839 2311 963 2372 ternas:

251 2405 284 2454 το
340 2391 476 2456 Horruit
497 2393 618 2477 algenti
639 2393 773 2478 pergula
795 2395 884 2457 curta
904 2392 987 2456 foco.

298 2477 460 2560 Exequiae
481 2477 611 2542 fuerunt
630 2478 695 2542 rari
716 2477 835 2541 frutiva
855 2477 962 2560 capilli

341 2561 478 2626 Vincula
500 2564 533 2626 et
553 2561 706 2626 inmundo
728 2561 846 2646 pallida
866 2561 962 2624 mitra
978 2560 1055 2642 situ,

299 2644 344 2710 Et
366 2645 453 2710 canis
474 2645 509 2708 in
530 2648 658 2709 nostros
679 2646 775 2710 nimis
799 2647 981 2729 experrecta
1001 2643 1140 2729 dolores,

343 2728 423 2794 Cum
444 2728 584 2792 fallenda
605 2751 676 2794 meo
696 2729 812 2814 pollice
834 2729 935 2794 clatra
953 2727 1067 2794 forent.
1307 2759 1308 2798 2

251 2823 283 2874 75
299 2811 349 2877 Sit
369 2812 511 2878 tumulus
532 2813 621 2878 lenae
644 2817 733 2878 curto
747 2817 845 2877 ¹vetus
867 2813 1021 2896 amphora
1044 2811 1145 2876 collo:
1246 2887 1255 2904 .
1307 2805 1308 2868 i

341 2897 465 2982 Vrgeat
484 2896 571 2962 hunc
593 2919 688 2982 supra
708 2898 765 2982 vis,
788 2897 943 2981 caprifice,
965 2899 1029 2960 tua.
1307 2893 1308 2904 ’

300 2981 450 3064 Quisquis
473 3003 569 3064 amas,
593 2983 712 3046 scabris
733 2981 943 3046 hocbustum
965 2979 1086 3044 caedito
1103 2997 1206 3068 saxis,

342 3065 506 3148 Mixtaque
527 3087 599 3130 cum
621 3067 705 3131 saxis
727 3065 833 3130 addite
854 3065 951 3130 verba
971 3064 1063 3128 mala.
1307 3063 1308 3094 ¹

300 3397 395 3466 Sacra
416 3402 494 3466 facit
515 3407 621 3466 rates:
645 3403 711 3466 sint
732 3423 788 3466 ora
809 3400 950 3466 faventia
971 3399 1078 3482 sacris,
1125 3396 1129 3402 ’

208 3501 213 3510 ’
340 3485 385 3550 Et
406 3486 498 3550 cadat
520 3489 594 3551 ante
616 3507 704 3552 meos
726 3487 790 3550 icta
811 3487 947 3552 iuvenca
965 3485 1066 3549 focos.
