2630 4110
479 260 693 318 PRAEFfflO.
972 277 1059 326 xum

92 447 134 502 re,
150 428 231 503 quod
244 428 279 487 in
291 426 425 486 versibus
439 428 498 486 183
509 428 600 488 habes
612 431 673 488 tres
684 427 923 508 spondiazontas3
940 435 1059 494 omnino

93 531 141 572 ers
156 512 246 570 metri
261 529 317 587 par
331 511 368 584 ei,
383 529 458 586 quae
472 512 504 570 in
519 511 708 587 epithalamio
723 514 815 574 Pelei.

158 597 297 672 Denique
317 594 444 670 Priapea
463 597 495 653 et
510 593 661 656 catalecta
680 601 863 673 argumentis
878 602 951 676 ipsis
967 601 1058 662 simil-

93 680 167 738 lima
182 679 406 756 epigrammatis
422 675 532 738 Catulli
546 699 606 740 non
627 681 767 756 estquod
781 683 891 760 dicam,
913 703 967 744 nec
987 703 1058 746 vero

94 767 192 822 metra
218 763 314 822 aliena
343 761 403 822 nisi
429 764 508 838 quod
533 763 642 838 epodos
666 765 757 826 habes
782 767 814 826 in
841 767 1059 830 catalectorum

37 865 41 876 ⁸
95 867 120 906 c.
136 849 166 920 5,
187 845 375 922 quiquidem
396 847 469 922 quin
483 846 601 906 Horatii
621 849 789 908 imitatione
803 854 996 926 provenerint
1009 856 1058 914 vix

95 931 230 990 dubium.

160 1015 301 1074 Ceterum
315 1016 406 1074 etiam
420 1015 517 1091 magis
531 1034 621 1090 quam
636 1017 778 1075 materiae
796 1036 829 1076 ao
843 1037 947 1080 versus
961 1021 1057 1081 imita-

94 1101 209 1159 tionem
228 1099 427 1174 Euphorionis
448 1101 604 1158 cantorurn
623 1101 773 1159 testantur
791 1100 945 1164 dictiones.
981 1105 1058 1164 Nam

96 1183 173 1243 Ciris
193 1184 245 1241 vix
264 1182 345 1240 aliud
364 1201 452 1258 quam
474 1185 561 1240 cento
583 1202 618 1241 ex
639 1181 756 1244 Catullo
779 1183 971 1263 Vergilioque
991 1207 1057 1248 con·

94 1268 193 1326 flatus.
225 1265 302 1337 Quid
316 1269 416 1326 autem
431 1265 526 1325 dicam
541 1266 577 1325 de
592 1267 725 1343 Priapeia
741 1271 772 1327 et
787 1267 967 1331 catalectis?
982 1291 1056 1348 quae

95 1353 241 1426 quantum
265 1350 412 1409 traxerint
436 1351 473 1410 ab
498 1351 566 1423 illo,
586 1353 636 1410 vel
657 1352 846 1412 mediocriter
866 1354 971 1414 harum
990 1357 1055 1416 lite-

94 1454 198 1493 rarum
225 1433 358 1493 eruditus
385 1435 486 1493 statim
511 1433 670 1512 intelliget.
712 1435 896 1581 Quamquam
922 1443 1057 1516 exempla

93 1518 273 1578 imitationis
288 1517 472 1577 Catullianae
486 1519 518 1578 in
532 1520 628 1578 trihus
643 1538 718 1595 quac
734 1521 794 1579 dixi
827 1523 949 1598 peribus
964 1525 1056 1585 etiam

93 1604 182 1678 plura
196 1603 359 1677 potuerunt
372 1603 479 1676 notari,
495 1621 585 1678 quam
600 1601 780 1679 adscripsere
796 1605 884 1666 docti.

158 1685 222 1744 Nec
247 1685 327 1759 dest,
350 1703 366 1744 e
392 1685 484 1745 Calvo
509 1687 589 1762 quod
613 1687 750 1746 videatur
775 1689 913 1765 ductum3
943 1693 1000 1752 etsi
1024 1695 1056 1753 in

93 1773 180 1830 tanta
212 1769 404 1844 reliquiarum
435 1769 522 1830 huius
551 1772 699 1845 paucitate
727 1773 805 1846 quod
843 1793 936 1833 unum
967 1777 1055 1836 modo

16 1877 19 1882 ·
95 1855 160 1914 eius
175 1854 220 1912 rei
235 1855 349 1912 certum
364 1855 445 1912 extat
459 1855 627 1929 exemplum
642 1855 714 1929 quid
729 1855 861 1914 mirum?
891 1857 928 1914 Id
941 1861 1055 1918 notavi-

94 1957 161 1997 mus
183 1937 220 1996 ad
239 1938 329 2014 frgm.
345 1937 407 1996 eius
424 1939 452 1996 3.
481 1937 530 1996 Ita
550 1941 581 1996 et
596 1936 707 1996 (linnae
723 1941 754 1996 et
767 1939 950 2014 reliquorum
965 1943 1056 2002 studii

95 2022 228 2081 eiusdem
243 2023 425 2081 consortium
444 2021 530 2080 facile
546 2021 832 2097 deprehenderemus
846 2023 1054 2102 imitationem,

93 2107 153 2165 nisi
173 2105 296 2165 illorum
315 2105 538 2164 intercidissent
551 2106 630 2182 libri,
660 2105 760 2166 Habes
775 2109 875 2168 tamen
890 2109 967 2169 illud
980 2113 1056 2172 mul-
1121 2151 1128 2164 ·

93 2197 158 2250 mm
175 2191 310 2264 cipitata,
330 2189 410 2266 quod
428 2191 540 2265 legitur
559 2191 592 2248 in
607 2189 718 2249 Cinnae
732 2191 791 2268 frg.
808 2193 826 2250 3
848 2195 1009 2268 repetitum
1023 2197 1056 2256 in
1101 2253 1109 2266 ,

94 2273 174 2334 Ciris
188 2294 217 2332 v.
233 2274 283 2332 46.

159 2357 218 2416 Sed
237 2357 308 2416 haec
327 2357 477 2417 hactenus.
523 2358 681 2430 Quaeritur
700 2360 775 2433 iam,
802 2362 923 2436 quinam
944 2361 1057 2422 fuerint

94 2443 238 2500 auctores·
256 2441 386 2517 sylloges
410 2441 501 2500 illius.
536 2441 611 2500 Eam
631 2443 779 2516 Donatus,
806 2447 841 2502 ut
865 2447 939 2505 alios
963 2449 1055 2506 testes

94 2527 242 2598 omittam,
257 2525 365 2584 tribuit
377 2523 523 2601 Vergilio.
552 2525 588 2583 Id
601 2527 815 2601 testimonium,
831 2529 910 2604 quod
925 2532 1055 2589 statuere

92 2610 229 2684 plerique
250 2608 384 2668 Suetonii
403 2611 460 2668 niti
479 2609 664 2684 auctoritate,
691 2611 765 2670 milri
791 2612 910 2686 quidem
936 2613 1055 2672 videtur

91 2695 158 2752 veri
178 2691 419 2751 dissimillimum.
449 2691 553 2768 Neque
574 2693 653 2752 enim
673 2695 735 2754 ullo
756 2696 845 2754 modo
868 2696 1004 2771 adducor,
1021 2702 1056 2757 ut

93 2777 213 2835 credam
232 2776 349 2836 criticos
369 2777 458 2852 primi
472 2797 501 2852 p.
518 2775 570 2836 Oh.
586 2797 616 2835 n.
637 2779 746 2838 saeculi
761 2779 834 2839 adeo
849 2781 1008 2840 caecutisse
1023 2783 1055 2841 in

94 2863 199 2936 aperta
221 2861 297 2934 luce,
322 2863 357 2918 ut
381 2863 477 2920 totam
503 2861 578 2920 hanc
601 2863 820 2936 collectionem,
847 2883 921 2940 quae
947 2865 1055 2925 clamat

91 2963 186 3020 paene
208 2943 392 3004 diversorum
412 2963 444 3003 se
466 2947 536 3004 eese'
550 2948 702 3005 auctorum
722 2948 775 3005 uni
795 2949 963 3015 tribuerent
985 2951 1058 3009 scri-'

92 3030 174 3103 ptori
199 3028 285 3104 eique
304 3025 448 3104 Vergilio.
491 3027 627 3089 Concedo
647 3031 683 3088 de
705 3029 819 3105 Colice,
843 3032 973 3090 carmine
994 3051 1055 3093 non

91 3113 262 3184 invenusto,
283 3130 461 3188 quamquem
476 3113 514 3171 ob
528 3113 665 3174 metricas
680 3117 810 3174 rationes
825 3134 843 3172 a
856 3115 978 3174 Marone
993 3133 1053 3176 cer-

90 3196 208 3254 tissime
228 3195 339 3269 alieno,
361 3197 452 3254 etiam
473 3196 508 3254 de
523 3197 619 3271 Diris,
640 3199 813 3273 Moretoque
835 3201 865 3257 et
880 3197 973 3275 Copa,
998 3205 1054 3262 etsi

91 3279 182 3338 Diras
203 3279 326 3338 alterius
347 3297 411 3339 esee
432 3281 559 3340 auctoris
580 3283 659 3339 recte
681 3282 742 3340 iarn
756 3283 945 3343 consentiunt
965 3285 1052 3345 docti.

90 3363 129 3421 In
144 3364 260 3422 Moreto
281 3365 359 3422 certe
379 3364 434 3424 hoc
453 3363 617 3424 notandum
627 3381 640 3436 ,·
656 3364 736 3439 quod
755 3365 866 3441 legitur
879 3387 908 3427 v.
925 3370 964 3427 96
979 3370 1054 3427 illud

91 3449 181 3506 abae
201 3449 339 3522 correpta
357 3448 467 3524 prima,
494 3447 577 3507 cuius
598 3449 685 3506 aliter
698 3467 769 3508 usus
792 3451 870 3526 apud
892 3451 1053 3527 dactylicos

89 3533 190 3606 prima
210 3531 397 3606 exemplata
419 3530 517 3592 Ovidii
538 3533 586 3592 vel
605 3533 704 3593 verius
725 3534 841 3592 Manilii
861 3534 947 3592 libris
971 3536 1052 3596 inve-

810 3641 851 3695 d*
