2666 4138
8 211 33 393 p
146 231 195 304 u]
359 239 361 242 ·
545 229 722 288 omnum.
962 297 966 302 ,
1068 223 1109 289 41

15 458 16 474 ἶ
147 393 236 542 Erpo
258 411 301 456 ne
323 391 434 455 dubita
454 388 586 456 blandas
609 391 759 456 adhibere
779 391 950 476 querellase
1077 401 1111 453 ut

137 548 146 564 ·
221 478 373 540 ineuntur
394 475 485 540 molli
505 479 636 560 pectora
658 475 736 540 dura
778 494 858 540 rece.

14 591 16 647 ᾗ
148 560 240 638 Quod
262 560 291 624 ai
311 581 387 624 vera
409 562 528 624 canunt
549 561 645 624 sacris
668 581 741 624 orac
777 582 795 623 a
815 559 957 643 templis,

14 698 16 720 ξ
189 643 279 708 Haec
300 643 350 708 illi
370 645 482 708 nostro
504 644 634 708 nomine
656 643 741 708 diota
761 643 857 708 refer:

13 771 15 779 ι
147 727 219 793 Hoc
239 727 301 792 tibi
323 727 507 814 coniugium
528 727 688 810 promittit
707 725 819 792 Delius
840 727 909 810 ipso

11 801 15 840 ³
191 811 298 895 Felix,
319 809 397 876 hoo:
420 810 518 876 alium
540 811 647 876 desine
668 811 750 876 velle
771 811 896 876 virum?
1076 819 1111 874 8⁰

147 894 253 978 Dixit,
277 897 310 959 et
329 895 464 979 ignarus
486 893 617 969 defluxit
639 915 770 978 corpore
793 915 933 962 somnus.

189 981 220 1044 A
243 1000 260 1042 e
284 999 303 1042 o
324 999 366 1043 ne
411 977 510 1042 oasim
529 980 621 1043 tanta
641 978 748 1045 videre
769 979 869 1042 mala!

147 1061 179 1128 N
181 1085 216 1126 ec
237 999 298 1126 dii
319 1082 372 1126 ore
394 1061 507 1127 rderim
528 1063 611 1127 votis
634 1062 792 1126 contraria
812 1065 888 1126 vota

188 1145 258 1212 Neo
278 1148 404 1210 tantum
426 1145 547 1210 crimen
567 1149 696 1230 pectore
717 1147 822 1210 inesse
842 1147 915 1210 tuo:

86 1231 99 1343 f
146 1227 231 1295 Nam
252 1232 285 1294 te
306 1251 366 1296 nec
386 1231 469 1294 vasti
514 1233 670 1294 enuerunt
691 1249 828 1314 aequora
847 1229 939 1313 ponti
1076 1238 1110 1290 85

84 1331 93 1408 f}
188 1312 259 1379 Nec·
277 1313 439 1378 flammam
460 1251 591 1378 solmns
613 1334 667 1378 ore
690 1311 857 1380 Chimaera
882 1313 949 1377 fero

146 1395 218 1463 Nec
239 1397 327 1462 canis
349 1397 509 1482 anguinea
529 1397 694 1462 redimitus
716 1400 808 1482 terga
829 1399 969 1475 caterva,

189 1479 249 1546 oui
271 1483 336 1546 tres
359 1483 434 1546 sunt
455 1481 583 1568 linguae
604 1483 879 1566 tergeminumque
901 1483 1010 1565 caput,
1093 1493 1109 1552 ς

81 1593 83 1600 “
146 1562 188 1630 Sc
210 1565 314 1648 llaque
335 1564 513 1650 virgineam
535 1565 666 1630 canibus
688 1566 849 1630 succincta
869 1565 1019 1649 figuram,

222 1669 257 1730 ec
278 1651 310 1714 te
332 1651 519 1732 conceptam
541 1671 634 1714 saeva
655 1649 765 1712 leaena
785 1649 875 1732 tulit,
1076 1660 1110 1708 90

145 1731 287 1797 Barbara
307 1753 368 1796 nec
389 1731 537 1816 Scythiae
558 1733 653 1797 tellus
674 1731 870 1796 horrendaue
892 1729 1012 1816 Syrtis,

190 1814 252 1880 Sed
264 1816 360 1880 ¹culta
381 1819 413 1881 et
434 1816 521 1881 duris
541 1837 609 1880 non
629 1815 802 1880 habitanda
824 1815 936 1879 domus

8 1903 32 1947 ¹¹
144 1898 190 1964 Et
211 1899 308 1985 longe
330 1902 404 1964 ante
426 1900 504 1964 alias
528 1921 637 1964 omnes
659 1899 829 1963 mitissima
849 1901 952 1963 mater

17 1992 19 2001 '
188 1981 282 2067 Isque
303 1987 395 2067 pater
417 2005 479 2067 quo
501 2005 568 2047 nou
590 1983 671 2046 alter
692 1982 866 2046 amabilior.
897 2006 900 2011 ·

145 2065 234 2130 Haec
257 2066 333 2130 deus
355 2067 389 2130 in
410 2067 524 2131 melius
547 2067 685 2132 crudelia
708 2067 832 2132 somnia
853 2067 956 2132 vertat
1076 2075 1109 2128 95

99 2072 115 2226 l
187 2149 232 2215 nt
253 2149 361 2250 iuteat
381 2149 507 2235 tepidos
528 2152 619 2215 irrita
639 2151 722 2216 ferre
743 2149 857 2216 Notos.

547 2279 701 2292 -————-

601 2363 645 2439 V.

145 2483 213 2552 Vos
235 2487 338 2570 tonet,
360 2485 506 2552 Etruscis
528 2489 638 2552 manat
660 2506 738 2570 quae
760 2485 905 2549 fontibus
927 2485 1028 2570 unda,

187 2568 283 2636 Vnda
304 2571 363 2636 sub
385 2571 541 2636 aestivum
562 2591 630 2635 non
652 2569 795 2636 adeunda
817 2568 965 2652 Canem,¹

146 2652 242 2720 Nunc
263 2657 370 2720 autem
391 2655 489 2720 sacris
510 2653 660 2720 Baiarum
682 2654 828 2739 proxima
848 2651 1003 2738 lymphis,

188 2737 270 2804 Cum
292 2761 326 2804 se
347 2759 507 2824 purpureo
529 2761 602 2804 vere
623 2738 759 2804 remittit
779 2739 909 2804 humus:

145 2823 189 2888 Aa
209 2821 290 2886 mihi
311 2821 515 2907 Persephone
535 2823 661 2908 nigram
684 2822 851 2888 denuntiat
869 2821 997 2886 horam:
1093 2829 1110 2882 t

187 2905 341 2972 inmerito
363 2907 471 2972 iuveni
491 2928 586 2992 parce
607 2927 737 2990 nocere,
761 2905 829 2972 dea.

8 3026 13 3049 .
146 2987 221 3055 Non
243 3011 304 3076 ego
325 2991 482 3074 temptavi
502 2991 583 3054 nulli
603 2989 949 3055 temeranda'virorum

187 3073 302 3140 Audax
323 3074 499 3140 laudandae
522 3095 611 3139 sacra
632 3074 745 3139 docere
768 3073 859 3156 deae,

144 3153 213 3223 Nec
235 3179 308 3222 mea
328 3159 502 3224 mortiferis
524 3158 637 3223 infecit
656 3158 773 3242 pocula
794 3157 877 3220 sucis

186 3239 327 3306 Dextera
347 3263 408 3307 nec
431 3242 578 3326 cuiquam
598 3242 676 3306 trita
696 3261 819 3305 venena
841 3237 943 3322 dedit,
1079 3249 1114 3300 ιο

144 3321 214 3390 Neo
235 3347 297 3391 nos
319 3325 467 3411 sacrilegi
488 3331 553 3390 tem
577 3325 617 3389 lis
639 3323 837 3389 admouimus
858 3323 967 3408 ignes,

186 3407 218 3474 N
220 3431 256 3474 ec
280 3430 336 3474 cor
357 3409 534 3474 sollicitant
554 3349 640 3473 Facta
660 3407 800 3472 nefanda
819 3429 939 3491 meum,

143 3488 214 3558 Nec
235 3514 296 3559 nos
317 3494 449 3559 insanae
470 3493 660 3559 meditantes
682 3492 923 3577 impiamentis
