2636 4146
99 231 215 306 ,xxvi
505 233 612 288 niens
634 233 696 290 uu
1045 229 1080 292 91

123 394 212 458 llens
235 393 333 476 bona,
357 393 448 477 siqua
469 393 566 478 daa’s,
589 398 644 459 tua
665 359 716 459 ine
738 395 770 460 in
795 395 931 460 sacraria
953 395 1047 460 donc.

161 478 359 542 Exciderunt
383 477 478 543 surdo
500 481 550 542 tot
571 501 642 543 maa
663 482 739 544 vcta
760 478 839 546 Iovi.
1051 493 1085 543 20

525 617 678 627 ψ.-

550 692 661 768 XXV.

122 815 216 882 Risus
239 835 326 880 eram
346 814 460 898 positis
482 813 567 880 inter
589 815 734 880 convivia
755 815 889 898 mensis,

162 899 207 964 Et
228 898 267 962 de
288 919 340 962 me
360 901 488 982 poterat
509 899 643 983 quilibet
657 901 733 963 'esse
755 899 880 982 loquax.

123 983 269 1066 Quinque
289 982 350 1046 tibi
370 983 461 1066 potui
482 983 600 1048 servire
622 981 758 1047 fideliter
779 1004 897 1046 annos:

165 1066 282 1151 Vngue
302 1087 406 1130 meam
428 1087 534 1132 morso
561 1089 654 1151 saepe
676 1087 805 1150 querere
827 1066 931 1131 fidem.

34 1151 36 1218 j
122 1150 177 1216 Nil
199 1171 329 1215 moveor
350 1149 504 1216 lacrimis:
526 1151 589 1216 ista
610 1172 681 1216 sum
705 1153 816 1236 captus
838 1151 878 1214 ab
901 1154 981 1235 arte3
1067 1161 1083 1212 c

34 1233 35 1310 ἶ
164 1233 295 1318 Semper
317 1235 356 1298 ab
379 1233 518 1320 insidiis,
541 1230 695 1319 Cynthia,
717 1235 792 1300 flere
814 1233 907 1299 soles.

124 1317 224 1384 Flebo
247 1340 307 1404 ego
330 1317 510 1403 discedens,
533 1319 588 1384 sed
610 1319 720 1382 fletum
742 1318 858 1384 iniuria
879 1319 999 1383 vincet:

165 1401 216 1467 Tu
237 1402 318 1466 bene
332 1403 535 1468 conveniens
556 1423 625 1468 non
647 1403 726 1468 sinis
748 1402 793 1466 ira
815 1402 936 1488 iugum.

122 1485 247 1551 Limina
268 1488 332 1550 iam
353 1490 472 1551 nostris
494 1487 623 1552 valeant
644 1487 844 1551 lacrimantia
866 1487 987 1570 verbis,

162 1570 232 1638 Nec
254 1574 363 1635 tamen
383 1572 465 1636 irate
486 1571 582 1636 ianua
602 1571 704 1636 fracte
724 1593 832 1636 manu.
1053 1583 1085 1633 rc

99 1709 109 1725 ,.
122 1655 167 1719 At
187 1659 220 1719 te
242 1655 351 1719 celatis
374 1659 460 1720 setas
482 1656 589 1742 gravis
610 1657 724 1752 urgent
745 1656 853 1737 annis,

33 1755 34 1758 ’
163 1739 209 1804 Et
230 1739 338 1804 veniat
358 1737 480 1804 formae
500 1761 582 1824 ruga
603 1739 733 1804 sinrstra
754 1741 838 1804 tuae.

33 1835 34 1838 ’
122 1821 247 1888 Vellere
268 1827 337 1887 tum
359 1823 467 1908 cupias
489 1823 579 1890 albos
601 1845 620 1886 a
641 1823 741 1908 stirpe
763 1822 911 1906 capillos,

33 1969 35 1972 .
163 1910 210 1990 A,
234 1908 363 1990 speculo
385 1929 481 1993 rugas
502 1907 713 1991 increpitante
735 1906 810 1989 tibi,

122 1991 259 2056 Exclusa
280 1993 377 2076 inque
398 1993 499 2057 vicem
520 1992 623 2056 fastus
643 1990 767 2075 patiare
790 1990 960 2074 superbos,
1053 2002 1084 2052 rc

161 2076 207 2140 Et
228 2096 308 2223 quac
329 2075 437 2141 fecisti
459 2077 545 2141 facta
566 2075 707 2160 queraris
730 2095 818 2140 anus.

121 2158 188 2224 Has
210 2160 236 2223 ti
259 2161 270 2223 i
291 2159 399 2225 fatalis
421 2161 537 2226 cecinit
557 2181 629 2224 mea
649 2160 770 2244 pagina
790 2158 886 2224 diras.

164 2243 324 2310 Eventum
344 2245 466 2310 formae
489 2245 574 2310 disce
595 2244 709 2309 timere
729 2245 813 2309 tuae.
