2636 4146
104 213 145 286 u]
504 213 610 267 niusa
632 213 664 270 v.
1003 206 1061 270 103

103 375 160 440 Illa
182 375 270 456 velit,
292 375 413 458 poterit
434 397 565 460 magnes
587 397 654 439 non
676 376 789 439 ducere
811 375 929 438 ferrum

142 459 185 522 Et
207 459 345 524 volucria
367 459 452 523 nidis
475 480 543 524 esse
566 480 701 524 noverca
723 459 796 523 suis.
1030 468 1061 519 ιο

102 543 224 627 Quippe
247 545 289 625 et,
314 541 455 608 Collinas
478 543 518 608 ad
539 543 658 608 fossam
681 543 815 607 moverit
836 541 961 625 herbas,

144 627 270 691 Stantia
292 628 431 692 currenti
454 627 649 692 diluerentur
671 649 759 712 aqua.

101 711 214 776 Audax
237 713 381 776 cantatae
404 711 491 796 leges
513 712 666 794 inponere
688 713 781 775 lunae

142 793 186 860 Et
207 816 265 858 sua
285 798 443 860 uoctumo
466 795 576 859 fallere
598 797 689 880 terga
710 795 813 879 lupo,

100 878 214 944 Posset
235 881 271 942 ut
293 879 433 943 intentos
456 883 527 943 astu
550 900 676 944 caecare
698 881 838 962 maritos,
1027 889 1058 938 15

144 961 317 1028 Coruinum
338 963 504 1028 inmeritas
527 965 608 1027 eruit
622 986 728 1049 ungue
750 984 859 1048 genae,

101 1046 332 1130 consuluitque
354 1048 470 1132 striges
492 1050 603 1112 nostro
627 1047 665 1112 de
688 1048 843 1132 sanguine
867 1049 899 1110 et
920 1045 954 1110 in
969 1066 1019 1108 me

143 1130 209 1214 Hip
233 1151 363 1195 omaues
385 1131 469 1196 fetae
492 1132 614 1196 semina
635 1132 714 1216 legit
736 1152 862 1216 equae.-

100 1153 264 1280 Exoradat
285 1235 365 1298 opus
388 1215 501 1298 verbis,
525 1237 582 1280 ceu
603 1215 720 1280 blanda
742 1220 884 1299 pererrat

144 1298 296 1364 Saxosam
318 1320 358 1363 ue
380 1300 455 1363 terit
470 1299 579 1364 sedula
606 1299 736 1383 lympha
757 1301 855 1364 viam:
894 1363 897 1366 ,
1029 1311 1062 1360 20

102 1383 148 1449 ‘Si
170 1386 204 1446 te
225 1381 295 1446 an
348 1386 534 1448 orozantum
555 1385 642 1448 iuvat
663 1405 759 1448 aurea
779 1385 858 1468 ripa,

144 1466 188 1530 Et
210 1487 290 1550 quae
313 1467 372 1531 sub
394 1467 490 1550 Tyria
511 1467 633 1534 concha
655 1468 798 1552 superbit
820 1489 910 1552 aqua,

101 1551 320 1634 Eurypylique
365 1552 449 1616 lacet
471 1551 555 1617 Ooae
577 1555 701 1616 textura
723 1551 885 1616 Minervae

145 1634 299 1719 Sectaque
323 1574 363 1699 ah
385 1636 532 1700 Attalicis
554 1637 660 1720 putria
681 1637 889 1720 signaturis,

101 1719 166 1786 Seu
187 1741 267 1802 quae
289 1719 474 1803 palmiferae
496 1720 628 1782 mittunt
648 1719 772 1784 venalia
794 1719 935 1801 Thebae,
961 1723 965 1730 '
1032 1731 1064 1780 25

146 1802 337 1888 Murreaque
360 1804 394 1868 in
416 1799 542 1868 Parthis
555 1803 678 1950 spocula
700 1805 791 1867 cocta
812 1801 901 1884 focis,

102 1888 225 1972 Sperne
247 1887 357 1970 fidem,
381 1889 532 1972 provolve
577 1908 647 1970 eos,
671 1885 836 1951 mendacia
858 1885 1001 1969 vincant,

144 1971 271 2056 Frange
294 1975 325 2036 et
348 1972 518 2036 damnosae
541 1972 609 2035 iura
630 1969 810 2054 pudicitiae.
934 2001 940 2010 ·

100 2056 148 2121 Et
170 2056 333 2120 stimulare
355 2057 435 2120 iram
457 2057 594 2140 pretium
616 2055 707 2120 facit:
731 2057 818 2120 utere
841 2053 959 2119 causis:

145 2139 250 2204 Maior
271 2139 369 2204 dilata
389 2144 484 2205 nocte
506 2143 646 2206 recurret
666 2161 763 2204 amor.
1032 2149 1067 2200 3ο

102 2225 138 2290 Si
159 2223 221 2288 tibi
241 2224 323 2288 forte
346 2246 452 2289 comas
469 2225 634 2290 'vexaverit
654 2225 743 2289 utilis
766 2225 827 2307 ira,

145 2307 340 2372 Postmodo
363 2312 502 2372 mercata
546 2329 600 2372 ace
622 2308 813 2392 premendus
836 2308 905 2372 erit.

102 2391 250 2476 Denique
272 2391 326 2456 ubi
348 2391 494 2476 amplexu
547 2413 673 2456 enerem
694 2391 876 2476 promiseris
900 2393 1023 2474 empto,

146 2475 211 2540 Fac
234 2475 363 2540 simules
386 2496 482 2559 puros
504 2475 598 2540 Isidis
622 2497 690 2540 esse
713 2475 789 2540 dies.

102 2561 143 2625 ln
168 2562 236 2624 erat
257 2560 384 2643 Apriles
406 2559 474 2624 Iole
495 2559 569 2643 tibi,
592 2560 707 2624 tundat
727 2559 860 2644 Amycle
1033 2571 1066 2620 3⁶

146 2643 296 2708 natalem
318 2643 400 2708 Mais
422 2643 530 2708 Idibus
553 2665 621 2710 esse
649 2647 748 2710 tuum.

105 2729 151 2795 Su
175 2728 249 2812 plcx
271 2728 325 2792 ille
348 2727 451 2792 sedet:
474 2729 578 2811 posita
599 2732 635 2792 tu
650 2730 751 2794 scribe
767 2727 916 2794 cathedra

148 2751 325 2888 duidlibec:
348 2810 405 2875 has
428 2815 511 2875 artes
534 2813 562 2875 si
583 2816 678 2896 pavet
698 2814 761 2896 ille,
784 2818 883 2876 tenes.

71 2919 80 2938 ·
103 2899 241 2980 Semper
261 2895 344 2959 habe
365 2916 489 2960 morsus
512 2895 595 2960 circa
616 2899 670 2959 tua
692 2897 773 2960 colla
794 2900 947 2976 recentes,

149 2980 273 3044 Litibus
296 2979 427 3044 alternis
450 3001 529 3064 quos
552 2981 642 3064 putet
663 3001 731 3042 esse
754 2979 854 3042 datos.
1034 2991 1072 3042 4ο

102 3066 174 3132 Nec
196 3068 228 3130 te
251 3063 381 3128 Medeae
404 3063 562 3128 delectent
583 3063 700 3148 probra
722 3064 863 3146 sequacis

164 3147 288 3232 Nempe
309 3148 384 3212 tulit
404 3148 516 3231 fastus,
540 3170 615 3212 ausa
636 3167 748 3231 rogare
770 3145 879 3231 priorl,

104 3153 169 3300 Sed
191 3233 298 3317 potius
320 3231 431 3296 mundi
453 3231 550 3297 Thais
572 3231 711 3330 pretiosa
732 3231 915 3313 Menandri,

149 3316 232 3384 Oum
254 3315 329 3380 ierit
351 3319 473 3381 astutos
497 3338 618 3381 comica
639 3314 771 3378 moecha
794 3314 899 3380 Getas.

104 3401 146 3468 In
168 3422 272 3464 mores
295 3402 327 3465 te
349 3403 436 3464 verte
458 3399 533 3464 viri:
557 3401 584 3464 si
606 3398 729 3464 cantica
750 3399 861 3482 iactat,
1037 3415 1070 3466 st

130 3485 165 3552 Ἰ
189 3505 293 3550 comes
317 3488 349 3549 et
371 3504 464 3548 voces
487 3484 574 3549 ebria
596 3485 692 3566 iunge
712 3486 794 3548 tuas.
