2666 4138
262 233 324 284 ΠΙ
639 219 852 277 PRAEFATIO.

262 389 293 451 h.
308 409 335 450 e.
347 407 381 462 er
401 407 496 466 neque
518 389 592 448 alias
611 387 708 448 finalis
728 388 785 448 sibi
805 389 931 447 constat.
961 385 1039 446 Tum
1059 406 1114 463 pro
1128 405 1164 448 oe
1177 389 1231 450 rel

263 493 295 536 oe
310 493 346 533 ex
360 493 444 534 more
458 473 676 549 temporisque
692 472 842 532 eonfeetus
857 473 904 532 est
916 471 994 531 liber
1008 471 1120 548 legitur
1133 489 1149 533 e
1162 474 1228 534 sive

263 559 390 634 simplex
404 576 457 618 seu
472 557 603 617 caudata.
629 557 667 615 In
680 555 949 632 praepositionibus
964 555 1167 616 adsimilendis
1181 558 1228 617 ni-

262 642 307 702 hil
320 642 389 700 fidei
404 660 457 702 seu
470 639 653 702 constantiae
669 640 842 715 expectaris.

325 725 375 786 Aa
394 744 544 786 summum
565 741 707 800 ugnosoes
726 724 883 785 librarium
897 741 933 783 ex
947 727 1033 799 perte
1047 725 1229 800 ser-ipsuum

262 808 333 870 libri
357 810 467 870 veteris
492 827 560 868 enm
580 807 638 867 tide
658 809 945 884 repraesentantem,
973 808 1104 868 sednon
1129 811 1228 870 rarius

263 893 388 953 eandem
403 892 449 954 sui
463 892 607 968 temporis
617 891 697 952 vitiis
711 893 941 968 permutantem.
955 891 1019 951 Nos
1033 911 1109 968 quae
1123 897 1227 968 aperte

262 977 338 1037 falsa
357 977 544 1050 viderentur,
566 976 763 1050 eorreximus,
785 994 860 1051 quae
883 975 986 1050 dubia,
1007 978 1099 1052 prout
1116 977 1228 1036 tradita

262 1064 350 1122 orant
363 1061 547 1136 reliquimus,
561 1079 600 1122 ne
614 1061 830 1122 ineenstantiue
844 1059 965 1136 quidem
980 1059 1091 1120 crimen
1105 1061 1205 1120 veriti.

246 1217 248 1222 ,
325 1145 444 1221 Reliqui
463 1148 563 1204 eutem
583 1145 654 1204 libri
672 1145 792 1220 praeter
810 1161 861 1204 eos
876 1143 911 1202 de
926 1143 1033 1219 quibus
1048 1143 1137 1204 modo
1152 1143 1226 1204 dixi-

265 1246 332 1289 mus
347 1230 464 1288 etiamsi
478 1229 526 1288 hio
539 1229 603 1288 illie
615 1229 762 1304 praebent
775 1227 855 1304 quod
869 1229 902 1286 in
916 1227 1050 1288 ordinem
1064 1228 1227 1288 verborum

262 1314 304 1373 sit
321 1313 537 1387 recipiendum,
563 1314 665 1372 tumen
688 1312 809 1388 longius
836 1329 887 1372 eos
907 1311 1044 1387 persequi
1063 1311 1093 1372 h.
1116 1313 1138 1370 l.
1165 1331 1227 1373 non

263 1414 347 1472 opus.

325 1479 484 1539 Editorum
494 1478 646 1554 Propertii
660 1479 832 1555 potissimos
847 1479 1040 1540 enumerandi
1053 1498 1177 1539 munere
1191 1483 1227 1540 ut

263 1563 454 1638 supersedere
469 1563 562 1622 ferme
577 1562 689 1638 possim
703 1562 818 1622 laniunt
829 1581 950 1638 eaquae
965 1565 998 1623 in
1009 1563 1123 1624 Catulli
1136 1565 1226 1639 inque

264 1647 377 1706 Tibulli
396 1647 629 1722 praefationibus
650 1646 853 1720 disseruimus,
875 1664 942 1708 oum
961 1647 1096 1723 plerique
1111 1649 1226 1708 oritioo-

236 1735 241 1750 '
262 1747 330 1788 rnm
343 1731 389 1792 his
403 1731 515 1807 pariter
529 1733 618 1806 atque
632 1730 678 1790 illi
693 1748 814 1806 operam
828 1732 975 1805 neverint,
989 1749 1045 1792 nee
1058 1731 1121 1792 fere
1136 1751 1168 1791 ee
1182 1733 1226 1790 di-

262 1833 364 1874 versos
378 1815 583 1892 praestiterint
596 1815 629 1874 in
649 1814 735 1874 libris
750 1815 945 1875 diversorrun.
975 1815 1080 1891 Itaque
1094 1817 1228 1891 primum

263 1899 486 1960 memorandum
523 1899 659 1960 existimo
682 1898 856 1960 ⁴editionem
884 1898 1050 1959 Burmanni
1086 1899 1226 1973 Secundi,

262 2001 338 2058 quae
352 1983 467 2044 duobus
487 1986 557 2058 post
577 1985 704 2042 mortem
718 1983 781 2042 eius
796 1983 881 2044 annis
896 1983 934 2042 ab
949 1984 1043 2044 amieo
1058 1983 1123 2043 eius
1137 1985 1168 2042 et
1181 2002 1226 2042 se-

260 2069 376 2126 otatore
390 2065 552 2126 Laurentio
568 2065 710 2126 Santenio
726 2066 860 2126 coniecta
873 2067 906 2126 in
920 2067 1017 2126 luoenr
1030 2065 1153 2142 prodiit.
1181 2067 1229 2126 Ba

262 2149 424 2209 virtutibus
439 2167 473 2208 ae
486 2149 568 2210 vitiis
582 2149 698 2225 relique
711 2149 876 2210 Burmanni
891 2151 985 2209 refert
998 2169 1095 2226 opere.
1124 2150 1228 2211 Habes

262 2231 306 2290 ibi
325 2234 500 2311 apparatum
521 2231 656 2292 criticum
675 2251 713 2294 ex
733 2233 819 2294 libuis
841 2251 909 2292 eum
924 2234 1042 2310 seriptis
1056 2237 1123 2294 tum
1138 2235 1229 2294 editis

262 2315 423 2376 eonfistum
444 2317 515 2376 estis
536 2335 679 2392 magnum
701 2316 753 2376 sed
772 2335 869 2393 neque
890 2317 1053 2394 descriptas
1073 2337 1141 2378 oum
1161 2318 1229 2377 dili-

263 2399 364 2476 gentia
383 2419 479 2476 neque
501 2401 642 2460 deneas
668 2403 736 2476 apte
757 2401 855 2478 eopias
876 2404 907 2462 et
931 2403 1038 2477 quibus
1058 2403 1230 2478 promiscue

262 2484 325 2542 fere
340 2486 451 2543 utetur.
480 2484 558 2543 Nem
572 2485 719 2544 Italorum
732 2485 978 2560 interpolationes
993 2487 1116 2562 ipsevir
1129 2487 1230 2563 magis
1249 2493 1253 2500 “

262 2569 415 2643 perspexit
435 2587 525 2642 quam
549 2567 723 2643 Santenius,
750 2587 929 2644 quamquam
953 2573 1077 2644 potuere
1101 2569 1232 2629 meliors

262 2651 362 2720 doeeri
381 2670 399 2709 a
418 2651 541 2710 Nieoleo
561 2651 686 2711 Heinsio
712 2654 744 2712 et
763 2651 889 2728 Iosepho
910 2653 1077 2729 Seuligero3
1104 2653 1158 2713 sed
1181 2653 1232 2713 illi

262 2734 441 2810 ubicumque
461 2735 565 2809 scripti
584 2737 673 2810 etque
693 2735 766 2796 edeo
786 2736 899 2798 vetusti
919 2737 1026 2797 oodieis
1051 2737 1232 2798 auctoritate

261 2818 421 2878 lectionem
441 2818 571 2894 aliquam
591 2817 704 2879 firmari
723 2821 759 2879 sb
785 2821 852 2882 istis
877 2820 1028 2894 audirent,
1054 2821 1120 2896 ipso
1143 2825 1233 2897 quasi

262 2919 335 2960 sono
356 2902 516 2963 verborum
536 2903 711 2980 plerumque
731 2903 890 2964 mirificum
908 2905 940 2964 in
967 2905 1090 2964 modum
1113 2905 1233 2981 imponi

262 2985 320 3046 sibi
340 2987 421 3062 passi
441 2989 519 3046 sunt.
546 3018 588 3030 -
615 2987 706 3058 Quasi
729 3007 801 3048 vero
821 2989 942 3048 intersit
968 2989 1136 3048 eonieotura
1162 2989 1233 3049 heri

263 3087 301 3128 an
320 3072 461 3145 quattuor
481 3071 605 3130 saeculis
627 3073 696 3130 aute
716 3071 758 3130 sit
776 3071 854 3130 isola
870 3074 922 3130 aut
935 3073 1021 3147 quasi
1034 3071 1183 3148 hodieque
1197 3073 1234 3133 in

261 3154 386 3213 testium
404 3153 462 3214 fide
483 3154 675 3230 expendenda
688 3171 830 3214 numerus
845 3157 945 3232 potius
961 3175 1050 3232 quam
1062 3157 1233 3218 ineuntes

261 3239 452 3312 respiciatur!

326 3321 522 3382 Extollendus
537 3325 640 3383 tamen
649 3323 839 3384 Burmannus
855 3324 1025 3405 eonomine
1040 3325 1122 3401 quod
1135 3327 1234 3402 pluri·

221 3453 224 3458 ,
262 3423 321 3478 ma,
336 3407 371 3466 ut
384 3407 522 3465 veterum
532 3406 713 3468 Batavorum
725 3409 870 3485 plerique,
881 3411 1039 3486 poetarum
1052 3409 1113 3468 fuit
1126 3410 1234 3471 leutio-

262 3506 300 3554 ue
315 3489 457 3564 imbutus,
479 3509 568 3566 quem
588 3491 685 3552 laudis
704 3491 829 3551 titulum
843 3511 878 3553 eo
892 3493 992 3554 minus
1006 3493 1092 3552 deest
1106 3493 1234 3572 elevari,
