2598 4136
263 222 315 269 ΧΠ
637 207 849 265 PRAEFATIO.

330 378 410 448 Quae
431 396 497 436 cum
512 378 555 436 ita
570 377 638 450 sint,
660 377 757 436 omnis
772 377 834 433 fere
849 375 922 434 fides
937 375 1105 435 traditionis
1120 378 1152 435 in
1166 379 1226 452 ple-

263 463 311 521 nis
327 461 440 520 Tibulli
462 462 626 520 carminum
645 461 731 519 libris
751 460 873 533 nititur,
894 477 990 534 neque
1011 461 1173 536 quidquam
1193 481 1227 520 ex

264 547 419 622 florilegiis
438 547 518 605 inter
537 547 630 604 verba
656 544 719 602 eius
738 544 953 620 recipiendum,
981 544 1040 603 nisi
1059 546 1153 621 quod,
1179 546 1226 604 vel

266 631 434 690 coniectura
455 630 481 688 si
502 632 581 688 esset
600 630 770 702 inventum,
797 628 924 687 debebat
948 628 1102 703 praeferri.
1143 630 1225 688 Exci-

265 715 373 788 pienda
394 716 494 772 tamen
514 716 584 772 sunt
603 715 638 770 ut
658 731 712 787 par
731 715 777 770 est
791 713 933 787 exempla,
950 732 1017 770 rara
1031 711 1152 788 quidem
1166 714 1225 785 illa,

154 791 156 797 ’
265 798 317 856 ubi
337 816 404 855 cum
424 800 565 873 appareat
585 799 739 871 corruptas
759 815 823 855 esse
847 795 981 854 codicum
996 798 1047 872 qui
1062 800 1165 856 extent
1180 798 1227 855 Ti-

265 881 342 940 bulli
356 882 509 955 lectiones,
525 884 662 956 excerpta
677 881 739 939 sine
761 881 823 938 ulla
837 879 950 938 fraudis
966 882 1129 956 suspitione
1144 901 1225 956 prae·

265 967 339 1024 bent
353 966 385 1023 id
398 966 478 1040 quod
493 969 538 1025 est
552 984 666 1026 verum.
688 961 724 1022 Id
738 964 789 1023 ubi
801 965 901 1024 euenit
913 965 1093 1040 plerumque
1107 985 1167 1025 una
1181 966 1228 1025 vel

266 1050 380 1108 duabus
394 1050 523 1110 literulis
538 1051 743 1124 excerptorum
757 1049 901 1107 memoria
911 1048 1003 1108 distat
1014 1069 1032 1106 a
1044 1050 1226 1125 reliquorum

265 1135 421 1194 librorum.
449 1134 545 1204 Quare
561 1134 690 1193 sincerae
705 1131 784 1190 haud
799 1132 887 1191 dubie
901 1133 1040 1192 videntur
1055 1152 1119 1194 esse
1132 1153 1226 1209 neque

266 1217 504 1292 interpolationis
524 1216 713 1276 arcessendae
732 1217 875 1275 lectiones
894 1219 929 1275 ut
947 1219 1021 1292 puta
1040 1218 1132 1278 tales:
1158 1217 1182 1290 I,
1198 1219 1225 1289 3,

267 1304 307 1360 87
323 1307 354 1360 at
373 1319 427 1376 pro
442 1319 485 1370 cc,
505 1301 546 1359 ib.
562 1303 591 1374 8,
610 1302 648 1359 14
663 1301 775 1375 collipat
788 1319 842 1376 pro
858 1301 970 1374 eollu'pd,
985 1300 1025 1375 H,
1043 1302 1071 1373 2,
1089 1303 1128 1360 15
1142 1303 1228 1362 Indis

262 1404 321 1460 -pro
340 1386 437 1457 acub,
458 1385 500 1444 ib.
518 1387 546 1458 3,
565 1387 604 1444 41
621 1385 747 1444 obsidere
766 1403 820 1459 pro
840 1385 988 1456 obsistere,
1013 1385 1122 1444 similia
1142 1405 1226 1462 quae-

267 1469 345 1541 dam,
361 1487 435 1544 quae
450 1468 511 1527 suis
524 1469 598 1528 locis
612 1469 804 1528 notabuntur,

332 1552 432 1612 Semel
446 1553 536 1610 etiam
551 1553 715 1625 obseruari,
728 1554 864 1629 graviore
876 1551 1042 1612 differentia
1053 1553 1229 1630 interposita

268 1638 346 1695 inter
358 1639 518 1712 utrumque
532 1637 737 1696 testimonium
752 1640 957 1713 excerptorum
968 1637 1057 1696 fidem
1071 1640 1225 1714 potiorem.

268 1721 346 1778 Nam
359 1720 389 1794 I,
406 1722 440 1794 5,
457 1723 496 1780 61
518 1740 586 1780 cum
606 1721 672 1780 cdd.
692 1722 821 1780 habeant
841 1722 947 1781 obtuso
962 1725 1057 1781 metro
1072 1741 1127 1781 nec
1141 1742 1226 1782 sensu

267 1805 329 1864 ullo
339 1823 456 1879 pauper
475 1806 529 1865 erit
543 1811 661 1879 procae
681 1807 735 1864 tibi
743 1811 870 1878 paeto,
880 1823 997 1880 pauper
1010 1807 1112 1876 adibit,
1126 1807 1157 1864 in
1171 1825 1227 1882 qua
1266 1855 1267 1888 ,

267 1891 394 1948 lectione
415 1908 556 1966 agnosces
575 1890 683 1950 vitium
704 1907 774 1948 sane
794 1890 932 1966 frequens
949 1889 1062 1948 Tibulli
1082 1891 1167 1950 libris
1184 1909 1225 1948 re-

267 1974 354 2048 petiti
369 1993 423 2050 per
437 1993 568 2032 errorem
583 1975 714 2032 eiusdem
728 1975 875 2048 vocabuli,
896 1993 954 2050 quo
970 1975 1117 2032 sincerum
1132 1975 1226 2050 expel-

267 2059 389 2129 leretur,
405 2057 464 2114 iam
478 2058 511 2115 in
525 2057 670 2132 excerptis
685 2058 797 2132 legitur
810 2058 866 2118 hoc
874 2077 907 2132 p.
919 2077 941 2118 e.
950 2077 982 2132 p.
993 2076 1104 2132 semper
1117 2063 1144 2118 te
1152 2077 1226 2132 pou·

263 2159 319 2214 per
333 2141 432 2199 adibit.
462 2141 503 2198 Et
521 2141 640 2199 hercule
660 2142 815 2202 verissime
835 2145 961 2218 utroque
975 2143 1147 2202 testimonio
1163 2151 1227 2200 con·

268 2226 368 2284 iuncto
389 2225 522 2298 reposuit
541 2225 691 2298 Muretus,
712 2245 801 2300 quem
821 2228 915 2285 secuti
936 2229 1006 2286 sunt
1024 2226 1103 2285 haud
1127 2227 1225 2302 pauci:
1265 2289 1266 2294 1

262 2326 380 2384 pauper
394 2310 447 2367 erit
456 2313 573 2381 praesb
587 2326 697 2383 semper
711 2311 773 2378 tibi,
782 2329 899 2384 pauper
912 2312 1012 2370 adebd.
1265 2301 1266 2312 ¹

331 2393 384 2450 Bis
404 2395 557 2467 praeterea
570 2395 638 2469 plus
653 2393 742 2453 solito
757 2395 888 2453 tribuere
904 2395 1049 2470 excerptis
1063 2415 1111 2454 me
1126 2394 1225 2453 memi-

269 2477 310 2548 ni,
326 2475 386 2548 ΙΙΙ,
404 2477 436 2548 3,
454 2478 495 2534 20
515 2480 546 2536 et
567 2480 600 2551 6,
616 2479 666 2536 46.
698 2475 837 2537 Ceterum
852 2480 903 2554 qui
918 2481 1044 2540 maiores
1059 2480 1102 2540 eis
1117 2479 1225 2538 detule-

269 2561 340 2618 runt
354 2562 455 2633 partes
469 2560 625 2620 Richterus
640 2564 671 2620 et
684 2561 868 2635 Protzcnius,
889 2582 955 2621 cum
970 2565 1028 2640 ipsi
1042 2571 1105 2624 noh
1118 2565 1226 2639 potuis·

270 2647 337 2703 sent
346 2663 407 2702 non
419 2663 578 2719 agnoscere
589 2646 719 2721 plurima
728 2646 932 2721 apertissimae
946 2648 1184 2724 interpolationis
1197 2648 1226 2704 in

269 2730 313 2788 eis
328 2728 508 2804 deprehendi
522 2730 657 2806 vestigia,
678 2731 758 2806 quod
772 2733 872 2790 tamen
887 2735 1064 2805 statuerunt,
1087 2733 1137 2791 ubi
1151 2733 1226 2790 flori-

269 2813 417 2888 legiorum
431 2813 616 2887 testimonia,
627 2816 686 2874 nisi
695 2815 824 2890 reliquis
838 2817 1020 2876 membranis
1033 2815 1226 2892 infringeren—
1264 2809 1265 2876 l

268 2899 332 2971 tur,
353 2915 408 2972 per
422 2915 453 2956 se
467 2897 544 2957 nihil
557 2899 709 2971 haberent,
726 2917 778 2958 cur
792 2899 981 2974 reicerentur,
1004 2919 1038 2959 ea
1052 2919 1138 2976 posse
1152 2898 1227 2960 haud

269 2983 451 3042 cunctanter·
463 2982 580 3042 admitti
599 2984 632 3042 in
651 2986 781 3055 textum,
803 2983 876 3042 mihi
895 2983 1016 3059 quidem
1037 3002 1138 3044 omnes
1158 2983 1227 3042 artis

269 3067 386 3126 criticae
400 3067 492 3142 leges,
508 3068 610 3142 quales
624 3066 685 3124 iam
696 3069 832 3142 receptae
843 3071 913 3126 sunt
927 3087 945 3126 a
958 3069 1118 3144 plerisque,
1130 3067 1227 3128 uiden·

268 3155 319 3208 tur
337 3151 475 3211 habuisse
494 3151 626 3226 insuper.
656 3150 733 3208 Nam
753 3167 821 3208 cum
839 3153 977 3226 plurimis
998 3153 1139 3228 exemplis
1152 3150 1228 3210 haud

269 3234 358 3292 dubie
373 3237 490 3294 constet
510 3236 643 3294 codicum
659 3235 772 3294 Tibulli
786 3235 929 3302 lectiones
945 3240 997 3296 aut
1010 3238 1142 3312 integras
1157 3253 1227 3306 esse,
1263 3259 1264 3304 3

269 3321 322 3375 aut
335 3321 490 3393 corruptas
505 3320 601 3396 magis
616 3338 705 3394 quam
724 3319 927 3395 interpolatas,
943 3321 995 3381 ubi
1010 3321 1229 3396 deprehendun-

268 3405 319 3459 tur
334 3404 470 3476 excerpta
484 3403 696 3462 monachorum
709 3403 834 3462 libidine
856 3404 1049 3464 audacissime
1063 3405 1176 3481 pariter
1190 3407 1229 3462 at

268 3503 326 3562 que
342 3485 526 3562 ineptissime
546 3487 713 3562 immutata,
730 3488 864 3564 sequitur
879 3492 985 3565 sponte
1000 3489 1045 3549 his
1060 3509 1098 3550 ne
1112 3489 1155 3551 ibi
1169 3488 1229 3564 qui·
