<?xml version="1.0" encoding="UTF-8"?>
<!DOCTYPE html PUBLIC "-//W3C//DTD XHTML 1.0 Transitional//EN"
    "http://www.w3.org/TR/xhtml1/DTD/xhtml1-transitional.dtd">
<html xmlns="http://www.w3.org/1999/xhtml" xml:lang="en" lang="en">
 <head>
  <title>
</title>
<meta http-equiv="Content-Type" content="text/html;charset=utf-8" />
  <meta name='ocr-system' content='tesseract 3.04.00' />
  <meta name='ocr-capabilities' content='ocr_page ocr_carea ocr_par ocr_line ocrx_word'/>
</head>
<body>
  <div class='ocr_page' id='page_1' title='image "./catullitibullip01catugoog_0009.png"; bbox 0 0 2630 4110; ppageno 0'>
   <div class='ocr_carea' id='block_1_1' title="bbox 15 1101 1042 1488">
    <p class='ocr_par' dir='ltr' id='par_1_1' title="bbox 141 1101 1042 1187">
     <span class='ocr_line' id='line_1_1' title="bbox 141 1101 1042 1187; baseline 0.004 -21"><span class='ocrx_word' id='word_1_1' title='bbox 141 1101 252 1167; x_wconf 81' lang='lat' dir='ltr'>Trium</span> <span class='ocrx_word' id='word_1_2' title='bbox 285 1103 453 1185; x_wconf 83' lang='lat' dir='ltr'>poetarum</span> <span class='ocrx_word' id='word_1_3' title='bbox 486 1102 805 1187; x_wconf 80' lang='lat' dir='ltr'>elegantissimorum</span> <span class='ocrx_word' id='word_1_4' title='bbox 829 1106 862 1168; x_wconf 89' lang='lat' dir='ltr'>ct</span> <span class='ocrx_word' id='word_1_5' title='bbox 878 1141 882 1146; x_wconf 94' lang='lat'>-</span> <span class='ocrx_word' id='word_1_6' title='bbox 898 1105 1042 1170; x_wconf 86' lang='lat' dir='ltr'>diutinae</span> 
     </span>
    </p>

    <p class='ocr_par' dir='ltr' id='par_1_2' title="bbox 15 1201 1041 1488">
     <span class='ocr_line' id='line_1_2' title="bbox 15 1201 1041 1298; baseline 0.002 -30"><span class='ocrx_word' id='word_1_7' title='bbox 15 1284 16 1298; x_wconf 10' lang='grc' dir='ltr'>χ</span> <span class='ocrx_word' id='word_1_8' title='bbox 76 1225 138 1268; x_wconf 90' lang='lat' dir='ltr'>neo</span> <span class='ocrx_word' id='word_1_9' title='bbox 164 1201 319 1267; x_wconf 74' lang='lat' dir='ltr'>fortuitae</span> <span class='ocrx_word' id='word_1_10' title='bbox 342 1202 576 1268; x_wconf 88' lang='lat' dir='ltr'>coniunctionis</span> <span class='ocrx_word' id='word_1_11' title='bbox 597 1205 725 1270; x_wconf 86' lang='lat' dir='ltr'>vinculo</span> <span class='ocrx_word' id='word_1_12' title='bbox 746 1225 900 1270; x_wconf 86' lang='lat' dir='ltr'>nexorum</span> <span class='ocrx_word' id='word_1_13' title='bbox 923 1207 1041 1272; x_wconf 85' lang='lat' dir='ltr'>Catulli</span> 
     </span>
     <span class='ocr_line' id='line_1_3' title="bbox 76 1302 1040 1387; baseline 0.004 -19"><span class='ocrx_word' id='word_1_14' title='bbox 76 1304 196 1368; x_wconf 84' lang='lat' dir='ltr'>Tibulli</span> <span class='ocrx_word' id='word_1_15' title='bbox 218 1302 379 1387; x_wconf 88' lang='lat' dir='ltr'>Propertii</span> <span class='ocrx_word' id='word_1_16' title='bbox 406 1304 547 1369; x_wconf 89' lang='lat' dir='ltr'>carmina</span> <span class='ocrx_word' id='word_1_17' title='bbox 567 1326 632 1369; x_wconf 92' lang='lat' dir='ltr'>uno</span> <span class='ocrx_word' id='word_1_18' title='bbox 649 1305 809 1370; x_wconf 84' lang='lat' dir='ltr'>volumine</span> <span class='ocrx_word' id='word_1_19' title='bbox 831 1306 945 1372; x_wconf 88' lang='lat' dir='ltr'>edendi</span> <span class='ocrx_word' id='word_1_20' title='bbox 969 1329 1040 1372; x_wconf 90' lang='lat' dir='ltr'>cum</span> 
     </span>
     <span class='ocr_line' id='line_1_4' title="bbox 75 1403 1041 1488; baseline 0.004 -20"><span class='ocrx_word' id='word_1_21' title='bbox 75 1406 153 1469; x_wconf 87' lang='lat' dir='ltr'>data</span> <span class='ocrx_word' id='word_1_22' title='bbox 182 1407 266 1469; x_wconf 92' lang='lat' dir='ltr'>esset</span> <span class='ocrx_word' id='word_1_23' title='bbox 293 1403 386 1468; x_wconf 91' lang='lat' dir='ltr'>nobis</span> <span class='ocrx_word' id='word_1_24' title='bbox 413 1403 564 1488; x_wconf 81' lang='lat' dir='ltr'>facultas,</span> <span class='ocrx_word' id='word_1_25' title='bbox 593 1409 737 1471; x_wconf 90' lang='lat' dir='ltr'>auctores</span> <span class='ocrx_word' id='word_1_26' title='bbox 764 1406 852 1472; x_wconf 80' lang='lat' dir='ltr'>fuere</span> <span class='ocrx_word' id='word_1_27' title='bbox 881 1408 975 1472; x_wconf 85' lang='lat' dir='ltr'>amici</span> <span class='ocrx_word' id='word_1_28' title='bbox 1003 1411 1041 1472; x_wconf 89' lang='lat' dir='ltr'>ut</span> 
     </span>
    </p>
   </div>
   <div class='ocr_carea' id='block_1_2' title="bbox 5 1503 1040 2096">
    <p class='ocr_par' dir='ltr' id='par_1_3' title="bbox 5 1503 1040 2096">
     <span class='ocr_line' id='line_1_5' title="bbox 12 1503 1040 1592; baseline 0.002 -22"><span class='ocrx_word' id='word_1_29' title='bbox 12 1503 13 1548; x_wconf 70' lang='lat' dir='ltr'>l</span> <span class='ocrx_word' id='word_1_30' title='bbox 73 1506 186 1572; x_wconf 83' lang='lat' dir='ltr'>Laevii</span> <span class='ocrx_word' id='word_1_31' title='bbox 208 1505 300 1571; x_wconf 83' lang='lat' dir='ltr'>Calvi</span> <span class='ocrx_word' id='word_1_32' title='bbox 323 1504 446 1570; x_wconf 71' lang='lat' dir='ltr'>cinnae</span> <span class='ocrx_word' id='word_1_33' title='bbox 474 1509 507 1570; x_wconf 89' lang='lat' dir='ltr'>et</span> <span class='ocrx_word' id='word_1_34' title='bbox 533 1507 616 1592; x_wconf 89' lang='lat' dir='ltr'>siqui</span> <span class='ocrx_word' id='word_1_35' title='bbox 644 1509 757 1572; x_wconf 84' lang='lat' dir='ltr'>extant</span> <span class='ocrx_word' id='word_1_36' title='bbox 783 1507 954 1592; x_wconf 77' lang='lat' dir='ltr'>scriptores</span> <span class='ocrx_word' id='word_1_37' title='bbox 976 1509 1040 1572; x_wconf 87' lang='lat' dir='ltr'>Va·</span> 
     </span>
     <span class='ocr_line' id='line_1_6' title="bbox 11 1570 1039 1691; baseline 0.001 -19.999"><span class='ocrx_word' id='word_1_38' title='bbox 11 1570 13 1612; x_wconf 46' lang='lat' dir='ltr'>l</span> <span class='ocrx_word' id='word_1_39' title='bbox 75 1608 156 1672; x_wconf 89' lang='lat' dir='ltr'>lerio</span> <span class='ocrx_word' id='word_1_40' title='bbox 184 1610 219 1670; x_wconf 89' lang='lat' dir='ltr'>ut</span> <span class='ocrx_word' id='word_1_41' title='bbox 245 1609 426 1689; x_wconf 91' lang='lat' dir='ltr'>temporum</span> <span class='ocrx_word' id='word_1_42' title='bbox 453 1606 566 1691; x_wconf 88' lang='lat' dir='ltr'>spatiis</span> <span class='ocrx_word' id='word_1_43' title='bbox 593 1607 640 1672; x_wconf 87' lang='lat' dir='ltr'>ita</span> <span class='ocrx_word' id='word_1_44' title='bbox 666 1607 841 1672; x_wconf 88' lang='lat' dir='ltr'>studiorum</span> <span class='ocrx_word' id='word_1_45' title='bbox 863 1609 1039 1674; x_wconf 87' lang='lat' dir='ltr'>rationibus</span> 
     </span>
     <span class='ocr_line' id='line_1_7' title="bbox 75 1706 1039 1792; baseline 0.001 -19"><span class='ocrx_word' id='word_1_46' title='bbox 75 1709 196 1773; x_wconf 87' lang='lat' dir='ltr'>similes</span> <span class='ocrx_word' id='word_1_47' title='bbox 224 1707 409 1772; x_wconf 81' lang='lat' dir='ltr'>adderemus</span> <span class='ocrx_word' id='word_1_48' title='bbox 436 1706 591 1772; x_wconf 88' lang='lat' dir='ltr'>librorum</span> <span class='ocrx_word' id='word_1_49' title='bbox 610 1707 775 1791; x_wconf 86' lang='lat' dir='ltr'>reliquias:</span> <span class='ocrx_word' id='word_1_50' title='bbox 804 1709 917 1792; x_wconf 90' lang='lat' dir='ltr'>quibus</span> <span class='ocrx_word' id='word_1_51' title='bbox 943 1709 1039 1776; x_wconf 85' lang='lat' dir='ltr'>facile</span> 
     </span>
     <span class='ocr_line' id='line_1_8' title="bbox 75 1807 1039 1891; baseline 0 -17"><span class='ocrx_word' id='word_1_52' title='bbox 75 1831 185 1874; x_wconf 88' lang='lat' dir='ltr'>sumus</span> <span class='ocrx_word' id='word_1_53' title='bbox 213 1807 366 1874; x_wconf 83' lang='lat' dir='ltr'>obsecut&#39;.</span> <span class='ocrx_word' id='word_1_54' title='bbox 415 1807 585 1872; x_wconf 86' lang='lat' dir='ltr'>Praeterea</span> <span class='ocrx_word' id='word_1_55' title='bbox 613 1807 751 1890; x_wconf 77' lang='lat' dir='ltr'>Priapes</span> <span class='ocrx_word' id='word_1_56' title='bbox 782 1809 910 1891; x_wconf 90' lang='lat' dir='ltr'>quando</span> <span class='ocrx_word' id='word_1_57' title='bbox 942 1811 1039 1874; x_wconf 88' lang='lat' dir='ltr'>etiam</span> 
     </span>
     <span class='ocr_line' id='line_1_9' title="bbox 6 1893 1039 1994; baseline 0.001 -19"><span class='ocrx_word' id='word_1_58' title='bbox 6 1903 8 1988; x_wconf 64' lang='lat' dir='ltr'>l</span> <span class='ocrx_word' id='word_1_59' title='bbox 74 1909 248 1994; x_wconf 86' lang='lat' dir='ltr'>oportebat</span> <span class='ocrx_word' id='word_1_60' title='bbox 267 1908 366 1972; x_wconf 86' lang='lat' dir='ltr'>inseri</span> <span class='ocrx_word' id='word_1_61' title='bbox 387 1893 462 1972; x_wconf 79' lang='lat' dir='ltr'>huic</span> <span class='ocrx_word' id='word_1_62' title='bbox 475 1907 689 1974; x_wconf 85' lang='lat' dir='ltr'>bibliothecae</span> <span class='ocrx_word' id='word_1_63' title='bbox 710 1929 868 1992; x_wconf 83' lang='lat' dir='ltr'>nusquam</span> <span class='ocrx_word' id='word_1_64' title='bbox 883 1909 958 1974; x_wconf 87' lang='lat' dir='ltr'>alibi</span> <span class='ocrx_word' id='word_1_65' title='bbox 974 1931 1039 1976; x_wconf 89' lang='lat' dir='ltr'>me·</span> 
     </span>
     <span class='ocr_line' id='line_1_10' title="bbox 5 2002 1039 2096; baseline 0.002 -22"><span class='ocrx_word' id='word_1_66' title='bbox 5 2002 6 2082; x_wconf 78' lang='lat' dir='ltr'>l</span> <span class='ocrx_word' id='word_1_67' title='bbox 73 2011 139 2074; x_wconf 90' lang='lat' dir='ltr'>lius</span> <span class='ocrx_word' id='word_1_68' title='bbox 162 2010 313 2095; x_wconf 84' lang='lat' dir='ltr'>subiungi</span> <span class='ocrx_word' id='word_1_69' title='bbox 334 2029 428 2094; x_wconf 91' lang='lat' dir='ltr'>posse</span> <span class='ocrx_word' id='word_1_70' title='bbox 451 2012 521 2074; x_wconf 87' lang='lat' dir='ltr'>erat</span> <span class='ocrx_word' id='word_1_71' title='bbox 547 2029 735 2094; x_wconf 87' lang='lat' dir='ltr'>persuasum</span> <span class='ocrx_word' id='word_1_72' title='bbox 759 2011 890 2091; x_wconf 88' lang='lat' dir='ltr'>(etenim</span> <span class='ocrx_word' id='word_1_73' title='bbox 911 2011 1039 2096; x_wconf 82' lang='lat' dir='ltr'>integro</span> 
     </span>
    </p>
   </div>
   <div class='ocr_carea' id='block_1_3' title="bbox 72 2109 1120 3506">
    <p class='ocr_par' dir='ltr' id='par_1_4' title="bbox 72 2109 1120 3506">
     <span class='ocr_line' id='line_1_11' title="bbox 73 2109 1039 2196; baseline 0.001 -21"><span class='ocrx_word' id='word_1_74' title='bbox 73 2111 234 2190; x_wconf 88' lang='lat' dir='ltr'>volumini</span> <span class='ocrx_word' id='word_1_75' title='bbox 267 2131 335 2175; x_wconf 93' lang='lat' dir='ltr'>non</span> <span class='ocrx_word' id='word_1_76' title='bbox 367 2109 585 2196; x_wconf 85' lang='lat' dir='ltr'>sufficiebant)</span> <span class='ocrx_word' id='word_1_77' title='bbox 614 2131 710 2194; x_wconf 87' lang='lat' dir='ltr'>quam</span> <span class='ocrx_word' id='word_1_78' title='bbox 741 2111 777 2176; x_wconf 93' lang='lat' dir='ltr'>in</span> <span class='ocrx_word' id='word_1_79' title='bbox 809 2111 874 2176; x_wconf 87' lang='lat' dir='ltr'>fine</span> <span class='ocrx_word' id='word_1_80' title='bbox 906 2133 1039 2195; x_wconf 90' lang='lat' dir='ltr'>operum</span> 
     </span>
     <span class='ocr_line' id='line_1_12' title="bbox 74 2209 1039 2296; baseline -0.001 -19"><span class='ocrx_word' id='word_1_81' title='bbox 74 2217 244 2277; x_wconf 88' lang='lat' dir='ltr'>cantorum</span> <span class='ocrx_word' id='word_1_82' title='bbox 264 2209 491 2295; x_wconf 78' lang='lat' dir='ltr'>Euphorionis,</span> <span class='ocrx_word' id='word_1_83' title='bbox 515 2231 681 2295; x_wconf 80' lang='lat' dir='ltr'>equorum</span> <span class='ocrx_word' id='word_1_84' title='bbox 703 2212 875 2296; x_wconf 86' lang='lat' dir='ltr'>plurimum</span> <span class='ocrx_word' id='word_1_85' title='bbox 895 2213 1039 2296; x_wconf 90' lang='lat' dir='ltr'>pendent</span> 
     </span>
     <span class='ocr_line' id='line_1_13' title="bbox 73 2309 1037 2398; baseline 0.001 -21"><span class='ocrx_word' id='word_1_86' title='bbox 73 2313 270 2378; x_wconf 88' lang='lat' dir='ltr'>imitatione.</span> <span class='ocrx_word' id='word_1_87' title='bbox 309 2309 457 2377; x_wconf 84' lang='lat' dir='ltr'>Ceterum</span> <span class='ocrx_word' id='word_1_88' title='bbox 479 2314 516 2376; x_wconf 88' lang='lat' dir='ltr'>ut</span> <span class='ocrx_word' id='word_1_89' title='bbox 536 2310 571 2376; x_wconf 91' lang='lat' dir='ltr'>hi</span> <span class='ocrx_word' id='word_1_90' title='bbox 585 2311 673 2376; x_wconf 90' lang='lat' dir='ltr'>lusus</span> <span class='ocrx_word' id='word_1_91' title='bbox 694 2313 790 2398; x_wconf 83' lang='lat' dir='ltr'>longe</span> <span class='ocrx_word' id='word_1_92' title='bbox 806 2313 1037 2397; x_wconf 83' lang='lat' dir='ltr'>corruptissimi</span> 
     </span>
     <span class='ocr_line' id='line_1_14' title="bbox 72 2412 1038 2496; baseline -0.001 -17"><span class='ocrx_word' id='word_1_93' title='bbox 72 2414 225 2479; x_wconf 80' lang='lat' dir='ltr'>feruntur</span> <span class='ocrx_word' id='word_1_94' title='bbox 245 2412 336 2477; x_wconf 90' lang='lat' dir='ltr'>libris</span> <span class='ocrx_word' id='word_1_95' title='bbox 352 2412 479 2496; x_wconf 88' lang='lat' dir='ltr'>scriptis</span> <span class='ocrx_word' id='word_1_96' title='bbox 493 2412 541 2476; x_wconf 90' lang='lat' dir='ltr'>ita</span> <span class='ocrx_word' id='word_1_97' title='bbox 556 2412 748 2478; x_wconf 89' lang='lat' dir='ltr'>erotioorum</span> <span class='ocrx_word' id='word_1_98' title='bbox 762 2413 801 2477; x_wconf 93' lang='lat' dir='ltr'>de</span> <span class='ocrx_word' id='word_1_99' title='bbox 812 2413 926 2496; x_wconf 90' lang='lat' dir='ltr'>quibus</span> <span class='ocrx_word' id='word_1_100' title='bbox 941 2435 1038 2496; x_wconf 87' lang='lat' dir='ltr'>supra</span> 
     </span>
     <span class='ocr_line' id='line_1_15' title="bbox 72 2513 1035 2597; baseline -0.002 -19"><span class='ocrx_word' id='word_1_101' title='bbox 72 2513 250 2578; x_wconf 85' lang='lat' dir='ltr'>memoravi</span> <span class='ocrx_word' id='word_1_102' title='bbox 265 2533 362 2597; x_wconf 88' lang='lat' dir='ltr'>opera</span> <span class='ocrx_word' id='word_1_103' title='bbox 376 2516 426 2578; x_wconf 83' lang='lat' dir='ltr'>tot</span> <span class='ocrx_word' id='word_1_104' title='bbox 444 2513 608 2597; x_wconf 87' lang='lat' dir='ltr'>tantisque</span> <span class='ocrx_word' id='word_1_105' title='bbox 622 2517 699 2578; x_wconf 91' lang='lat' dir='ltr'>sunt</span> <span class='ocrx_word' id='word_1_106' title='bbox 712 2513 837 2578; x_wconf 88' lang='lat' dir='ltr'>mendis</span> <span class='ocrx_word' id='word_1_107' title='bbox 852 2514 1035 2596; x_wconf 83' lang='lat' dir='ltr'>depravata,</span> 
     </span>
     <span class='ocr_line' id='line_1_16' title="bbox 73 2613 1038 2699; baseline 0 -20"><span class='ocrx_word' id='word_1_108' title='bbox 73 2636 142 2680; x_wconf 90' lang='lat' dir='ltr'>non</span> <span class='ocrx_word' id='word_1_109' title='bbox 152 2617 189 2678; x_wconf 89' lang='lat' dir='ltr'>ut</span> <span class='ocrx_word' id='word_1_110' title='bbox 203 2617 305 2698; x_wconf 91' lang='lat' dir='ltr'>possit</span> <span class='ocrx_word' id='word_1_111' title='bbox 319 2615 480 2697; x_wconf 85' lang='lat' dir='ltr'>expectari</span> <span class='ocrx_word' id='word_1_112' title='bbox 494 2614 609 2696; x_wconf 84' lang='lat' dir='ltr'>forent</span> <span class='ocrx_word' id='word_1_113' title='bbox 624 2635 744 2694; x_wconf 90' lang='lat' dir='ltr'>omnes,</span> <span class='ocrx_word' id='word_1_114' title='bbox 760 2614 874 2699; x_wconf 91' lang='lat' dir='ltr'>quibus</span> <span class='ocrx_word' id='word_1_115' title='bbox 888 2613 1038 2679; x_wconf 87' lang='lat' dir='ltr'>laborant</span> 
     </span>
     <span class='ocr_line' id='line_1_17' title="bbox 72 2713 1035 2798; baseline 0.001 -19"><span class='ocrx_word' id='word_1_116' title='bbox 72 2715 145 2798; x_wconf 85' lang='lat' dir='ltr'>illa,</span> <span class='ocrx_word' id='word_1_117' title='bbox 174 2715 382 2780; x_wconf 86' lang='lat' dir='ltr'>difficultates</span> <span class='ocrx_word' id='word_1_118' title='bbox 403 2713 469 2778; x_wconf 87' lang='lat' dir='ltr'>iarn</span> <span class='ocrx_word' id='word_1_119' title='bbox 491 2715 606 2778; x_wconf 90' lang='lat' dir='ltr'>emissa</span> <span class='ocrx_word' id='word_1_120' title='bbox 626 2714 687 2779; x_wconf 86' lang='lat' dir='ltr'>hac</span> <span class='ocrx_word' id='word_1_121' title='bbox 708 2714 847 2778; x_wconf 88' lang='lat' dir='ltr'>editione</span> <span class='ocrx_word' id='word_1_122' title='bbox 868 2714 1035 2780; x_wconf 86' lang='lat' dir='ltr'>tollantur.</span> 
     </span>
     <span class='ocr_line' id='line_1_18' title="bbox 72 2813 1036 2900; baseline 0 -20"><span class='ocrx_word' id='word_1_123' title='bbox 72 2817 264 2900; x_wconf 86' lang='lat' dir='ltr'>Augebatur</span> <span class='ocrx_word' id='word_1_124' title='bbox 285 2813 460 2880; x_wconf 84' lang='lat' dir='ltr'>difficultas</span> <span class='ocrx_word' id='word_1_125' title='bbox 479 2815 712 2900; x_wconf 66' lang='lat' dir='ltr'>inceptione,</span> <span class='ocrx_word' id='word_1_126' title='bbox 736 2815 821 2898; x_wconf 89' lang='lat' dir='ltr'>quod</span> <span class='ocrx_word' id='word_1_127' title='bbox 840 2815 940 2879; x_wconf 90' lang='lat' dir='ltr'>maior</span> <span class='ocrx_word' id='word_1_128' title='bbox 960 2837 1036 2898; x_wconf 88' lang='lat' dir='ltr'>pars</span> 
     </span>
     <span class='ocr_line' id='line_1_19' title="bbox 73 2914 1035 3000; baseline 0 -20"><span class='ocrx_word' id='word_1_129' title='bbox 73 2937 184 2981; x_wconf 89' lang='lat' dir='ltr'>eorum</span> <span class='ocrx_word' id='word_1_130' title='bbox 205 2920 261 3000; x_wconf 91' lang='lat' dir='ltr'>qui</span> <span class='ocrx_word' id='word_1_131' title='bbox 284 2919 359 3000; x_wconf 89' lang='lat' dir='ltr'>post</span> <span class='ocrx_word' id='word_1_132' title='bbox 379 2914 622 2980; x_wconf 87' lang='lat' dir='ltr'>Lachmannum</span> <span class='ocrx_word' id='word_1_133' title='bbox 643 2915 723 2980; x_wconf 82' lang='lat' dir='ltr'>liaeo</span> <span class='ocrx_word' id='word_1_134' title='bbox 745 2915 888 2981; x_wconf 88' lang='lat' dir='ltr'>carmina</span> <span class='ocrx_word' id='word_1_135' title='bbox 909 2915 1035 2980; x_wconf 89' lang='lat' dir='ltr'>edidere</span> 
     </span>
     <span class='ocr_line' id='line_1_20' title="bbox 72 3015 1035 3101; baseline -0.001 -20"><span class='ocrx_word' id='word_1_136' title='bbox 72 3017 155 3082; x_wconf 91' lang='lat' dir='ltr'>mihi</span> <span class='ocrx_word' id='word_1_137' title='bbox 176 3016 304 3101; x_wconf 88' lang='lat' dir='ltr'>quidem</span> <span class='ocrx_word' id='word_1_138' title='bbox 318 3017 510 3082; x_wconf 80' lang='lat' dir='ltr'>ridebantur</span> <span class='ocrx_word' id='word_1_139' title='bbox 523 3037 592 3082; x_wconf 92' lang='lat' dir='ltr'>non</span> <span class='ocrx_word' id='word_1_140' title='bbox 607 3038 645 3082; x_wconf 89' lang='lat' dir='ltr'>ea</span> <span class='ocrx_word' id='word_1_141' title='bbox 658 3018 709 3082; x_wconf 88' lang='lat' dir='ltr'>usi</span> <span class='ocrx_word' id='word_1_142' title='bbox 730 3017 839 3082; x_wconf 87' lang='lat' dir='ltr'>iudicii</span> <span class='ocrx_word' id='word_1_143' title='bbox 854 3016 921 3080; x_wconf 85' lang='lat' dir='ltr'>sive</span> <span class='ocrx_word' id='word_1_144' title='bbox 941 3015 1035 3080; x_wconf 88' lang='lat' dir='ltr'>liber·</span> 
     </span>
     <span class='ocr_line' id='line_1_21' title="bbox 72 3116 1035 3202; baseline 0.002 -21"><span class='ocrx_word' id='word_1_145' title='bbox 72 3122 141 3184; x_wconf 86' lang='lat' dir='ltr'>tate</span> <span class='ocrx_word' id='word_1_146' title='bbox 164 3139 221 3183; x_wconf 89' lang='lat' dir='ltr'>seu</span> <span class='ocrx_word' id='word_1_147' title='bbox 242 3117 386 3183; x_wconf 88' lang='lat' dir='ltr'>sollertia</span> <span class='ocrx_word' id='word_1_148' title='bbox 408 3139 470 3202; x_wconf 88' lang='lat' dir='ltr'>qua</span> <span class='ocrx_word' id='word_1_149' title='bbox 491 3117 560 3183; x_wconf 87' lang='lat' dir='ltr'>sola</span> <span class='ocrx_word' id='word_1_150' title='bbox 589 3120 698 3201; x_wconf 88' lang='lat' dir='ltr'>posset</span> <span class='ocrx_word' id='word_1_151' title='bbox 719 3116 840 3200; x_wconf 89' lang='lat' dir='ltr'>aliquid</span> <span class='ocrx_word' id='word_1_152' title='bbox 865 3116 978 3200; x_wconf 88' lang='lat' dir='ltr'>profici</span> <span class='ocrx_word' id='word_1_153' title='bbox 999 3117 1035 3183; x_wconf 93' lang='lat' dir='ltr'>in</span> 
     </span>
     <span class='ocr_line' id='line_1_22' title="bbox 72 3217 1034 3304; baseline 0 -22"><span class='ocrx_word' id='word_1_154' title='bbox 72 3239 167 3302; x_wconf 86' lang='lat' dir='ltr'>opere</span> <span class='ocrx_word' id='word_1_155' title='bbox 195 3239 370 3304; x_wconf 87' lang='lat' dir='ltr'>sanequam</span> <span class='ocrx_word' id='word_1_156' title='bbox 391 3219 501 3284; x_wconf 87' lang='lat' dir='ltr'>arduo.</span> <span class='ocrx_word' id='word_1_157' title='bbox 545 3217 633 3283; x_wconf 88' lang='lat' dir='ltr'>Hinc</span> <span class='ocrx_word' id='word_1_158' title='bbox 654 3218 756 3284; x_wconf 86' lang='lat' dir='ltr'>multa</span> <span class='ocrx_word' id='word_1_159' title='bbox 777 3217 817 3282; x_wconf 88' lang='lat' dir='ltr'>ab</span> <span class='ocrx_word' id='word_1_160' title='bbox 837 3217 929 3282; x_wconf 86' lang='lat' dir='ltr'>Italis</span> <span class='ocrx_word' id='word_1_161' title='bbox 951 3239 1034 3283; x_wconf 84' lang='lat' dir='ltr'>saec.</span> 
     </span>
     <span class='ocr_line' id='line_1_23' title="bbox 72 3318 1035 3404; baseline -0.002 -20"><span class='ocrx_word' id='word_1_162' title='bbox 72 3318 135 3385; x_wconf 86' lang='lat' dir='ltr'>XV</span> <span class='ocrx_word' id='word_1_163' title='bbox 157 3323 191 3384; x_wconf 89' lang='lat' dir='ltr'>et</span> <span class='ocrx_word' id='word_1_164' title='bbox 213 3320 267 3404; x_wconf 90' lang='lat' dir='ltr'>qui</span> <span class='ocrx_word' id='word_1_165' title='bbox 291 3319 455 3386; x_wconf 87' lang='lat' dir='ltr'>consecuti</span> <span class='ocrx_word' id='word_1_166' title='bbox 477 3341 531 3386; x_wconf 87' lang='lat' dir='ltr'>eos</span> <span class='ocrx_word' id='word_1_167' title='bbox 553 3321 629 3384; x_wconf 86' lang='lat' dir='ltr'>sunt</span> <span class='ocrx_word' id='word_1_168' title='bbox 649 3323 792 3402; x_wconf 88' lang='lat' dir='ltr'>ternpore</span> <span class='ocrx_word' id='word_1_169' title='bbox 808 3318 928 3384; x_wconf 88' lang='lat' dir='ltr'>criticis</span> <span class='ocrx_word' id='word_1_170' title='bbox 949 3321 1035 3382; x_wconf 87' lang='lat' dir='ltr'>recte</span> 
     </span>
     <span class='ocr_line' id='line_1_24' title="bbox 73 3421 1120 3506; baseline 0.002 -20"><span class='ocrx_word' id='word_1_171' title='bbox 73 3421 251 3486; x_wconf 88' lang='lat' dir='ltr'>constituta</span> <span class='ocrx_word' id='word_1_172' title='bbox 280 3425 312 3486; x_wconf 88' lang='lat' dir='ltr'>et</span> <span class='ocrx_word' id='word_1_173' title='bbox 345 3422 423 3487; x_wconf 91' lang='lat' dir='ltr'>olim</span> <span class='ocrx_word' id='word_1_174' title='bbox 449 3421 547 3506; x_wconf 80' lang='lat' dir='ltr'>vulgo</span> <span class='ocrx_word' id='word_1_175' title='bbox 576 3425 706 3505; x_wconf 86' lang='lat' dir='ltr'>recepta</span> <span class='ocrx_word' id='word_1_176' title='bbox 736 3421 791 3485; x_wconf 89' lang='lat' dir='ltr'>sed</span> <span class='ocrx_word' id='word_1_177' title='bbox 823 3422 931 3504; x_wconf 88' lang='lat' dir='ltr'>spreta</span> <span class='ocrx_word' id='word_1_178' title='bbox 962 3421 1036 3504; x_wconf 88' lang='lat' dir='ltr'>post</span> <span class='ocrx_word' id='word_1_179' title='bbox 1112 3473 1120 3488; x_wconf 88' lang='lat'>.</span> 
     </span>
    </p>
   </div>
   <div class='ocr_carea' id='block_1_4' title="bbox 0 0 1320 4110">
    <p class='ocr_par' dir='ltr' id='par_1_5' title="bbox 0 0 1320 4110">
     <span class='ocr_line' id='line_1_25' title="bbox 0 0 1320 4110; baseline 0 2"><span class='ocrx_word' id='word_1_180' title='bbox 0 0 1320 4110; x_wconf 95' lang='lat' dir='ltr'> </span> 
     </span>
    </p>
   </div>
  </div>
 </body>
</html>
