2632 4140
460 217 673 273 earnmmo.
959 181 1047 278 xxm

143 385 208 459 111,
232 387 287 459 20,
309 386 328 444 8
350 385 489 444 lacrimae
501 383 691 444 Burmannus
704 385 808 458 maior,
824 386 960 446 paena
973 385 1045 446 NG.

74 473 146 532 Hoc
160 468 406 530 servatoLachm.
417 469 450 526 in
460 467 560 543 priore
575 488 604 528 v.
619 469 738 544 scripsit
749 468 842 530 Niobe
853 501 895 511 -
906 487 1046 544 superum

75 556 134 617 sed
148 557 214 614 tam
228 555 347 614 vetusto
362 555 484 627 tamque
503 552 582 611 bono
600 551 738 626 scriptori
751 571 813 614 non
827 555 967 614 convenit
980 573 1045 614 ver-

75 641 155 700 bum
170 637 321 698 defluendi
335 655 403 696 cum
418 635 584 696 accusativo
598 636 744 696 innatum.

145 721 202 795 ΠΙ,
219 723 269 796 21,
286 722 304 780 7
327 720 446 782 emco’s
460 719 573 796 scripsi,
594 738 632 780 ne
651 720 697 782 bis
712 721 745 782 in
758 720 906 798 contiguis
921 721 1046 798 syllabis

76 808 168 867 elisio
182 807 291 883 longae
304 804 407 880 fieret;
422 821 515 866 sorem
529 822 558 866 cs
571 823 601 863 v.

146 891 189 950 ib.
207 891 245 948 12
261 893 363 950 etcdoe
377 889 579 962 Ruhnkonius,
595 888 647 964 qui
662 891 694 948 et
707 889 801 950 locum
815 889 913 950 voluit
926 909 982 965 pro
997 891 1046 949 dc·

76 993 182 1045 murm·
197 977 284 1035 euna
298 979 339 1034 cot
352 971 424 1034 NG.
459 981 461 985 '

146 1058 203 1132 ΠΙ,
221 1059 270 1131 22,
288 1058 328 1116 14
347 1074 434 1120 curce
453 1055 637 1130 Huschkius,
657 1073 749 1130 quere
769 1056 834 1116 cdd.
863 1057 976 1116 Mirum
993 1075 1046 1133 po-

76 1143 177 1203 tuisse
197 1142 387 1206 Lachmanno
411 1141 529 1218 placere
554 1140 713 1200 lectionem
737 1141 901 1217 vulgatam.
923 1141 1048 1201 ¹Debuit
1134 1135 1137 1140 ’

78 1230 165 1286 certe
187 1245 253 1286 esse
272 1245 333 1287 cru.
363 1225 509 1285 Huschkii
527 1225 684 1284 inventum
698 1225 747 1285 vol
766 1225 833 1284 ideo
848 1224 1045 1301 probandum,

78 1329 120 1372 ne
136 1313 315 1386 querentem
329 1308 488 1369 reddamus
501 1309 701 1384 Propertium.

145 1395 189 1454 ib.
204 1394 246 1452 44
259 1393 330 1468 quid
341 1397 425 1454 iuuat
438 1398 465 1454 ct
477 1393 558 1452 audo
566 1410 676 1467 ponere
688 1394 777 1453 cerda
790 1393 857 1454 loco.
872 1393 953 1454 Illud
967 1398 993 1454 et
1007 1393 1045 1468 N,

80 1477 119 1552 G,
142 1479 189 1538 ed.
205 1478 289 1554 Reg,
310 1480 345 1537 tu
364 1477 488 1536 Puocius
508 1480 611 1552 aperta
631 1477 874 1554 interpolatione,
893 1478 996 1553 itaque
1016 1498 1045 1537 v.

80 1563 206 1638 Ropone
222 1563 260 1622 a!
275 1561 359 1620 Idem
373 1561 481 1622 vitium
495 1561 663 1620 tollendum
677 1581 714 1621 ex
728 1563 814 1622 catal.
826 1562 958 1622 Maronis
974 1563 1002 1635 3,
1016 1563 1045 1635 3,

82 1647 113 1720 4,
136 1646 191 1706 ubi
211 1645 399 1705 scribendum
418 1650 506 1705 tucca
519 1663 600 1705 auco
615 1647 714 1719 puello
726 1647 803 1716 tut's,
825 1647 862 1706 o!
884 1643 962 1722 (sive
975 1643 1043 1723 tec)

81 1735 134 1790 tuo
147 1735 264 1804 stupore
272 1747 377 1804 mesca
395 1747 448 1790 rus
467 1729 579 1789 obibit?
604 1731 631 1788 et
649 1730 730 1812 milet,
744 1747 807 1788 non
820 1729 900 1804 quod
912 1729 1045 1804 Hauptio

82 1813 199 1890 placuit
217 1815 257 1882 et,
277 1814 409 1890 primum
429 1813 500 1889 quia
518 1813 653 1888 sequitur
666 1812 769 1872 statim
782 1813 855 1870 haec
868 1813 1044 1886 interiectio,

84 1897 193 1957 deinde
208 1898 277 1972 quia
289 1897 473 1958 tersissimus
486 1897 612 1972 quisque
627 1899 781 1956 auctorum
795 1895 899 1954 eadem
913 1914 975 1955 non
988 1897 1046 1954 uti·

85 1983 148 2040 itur
161 1981 221 2042 nisi
235 2000 290 2057 per
303 1981 463 2041 formulam
477 1982 505 2041 ci
517 1982 598 2040 mitt

147 2065 190 2126 ib.
212 2066 253 2126 50
277 2083 361 2140 quem
385 2082 459 2138 quoe
482 2066 555 2125 scire
578 2067 658 2124 timet
681 2081 818 2138 qemerere
840 2064 932 2138 ptos
958 2065 1046 2124 rora.

83 2149 174 2209 Hunc
192 2169 221 2210 v.
242 2151 312 2225 quia
332 2149 418 2209 abest
437 2149 475 2208 ab
494 2149 525 2208 N
545 2148 679 2224 spurium
697 2147 810 2208 indicat
829 2147 1046 2209 Heimreichius

84 2253 136 2310 pg.
146 2235 195 2307 10,
210 2234 320 2310 quippe
335 2233 483 2293 sententia
496 2235 531 2292 ut
542 2234 729 2293 aitcontorta
741 2233 890 2310 longeque
904 2234 1044 2308 repetite:

86 2322 119 2376 at
131 2317 208 2376 nihil
227 2317 345 2392 plenius
363 2317 496 2392 nihilque
516 2317 703 2392 frequentius
716 2316 756 2375 in
770 2316 861 2375 simili
876 2316 1046 2376 condicione

85 2421 196 2460 rerum.
225 2401 309 2462 Idem
327 2403 419 2478 negat
437 2419 601 2476 pronomen
621 2400 781 2460 relativum
794 2418 849 2476 pro
864 2399 1046 2458 demonstra-

85 2487 149 2545 tivo
174 2485 247 2560 poni
272 2505 318 2562 ap.
334 2485 434 2561 Prop,
461 2483 538 2544 sicut
556 2485 604 2542 hio
622 2484 671 2559 fit,
692 2484 850 2544 immemor
869 2485 901 2542 et
920 2484 1047 2544 aliorum

86 2571 221 2629 locorum
241 2571 273 2628 et
292 2570 355 2629 eins
375 2587 465 2645 quem
483 2569 574 2629 hebes
588 2569 661 2644 IIII,
679 2569 728 2642 23,
746 2571 795 2627 21.
824 2567 992 2644 Displicent
1006 2569 1046 2626 ei·

87 2655 155 2712 dem
174 2655 352 2728 pronomina
371 2655 498 2714 relativa
521 2654 579 2713 duo
605 2672 680 2729 quae
705 2671 736 2713 se
762 2653 939 2728 exciperent.
970 2652 1048 2722 Quid

87 2739 220 2818 dicturus
240 2739 319 2797 idom
341 2737 378 2796 de
396 2737 524 2798 Nasonis
544 2738 691 2798 versiculo
705 2737 758 2813 qui
777 2737 889 2814 legitur
908 2737 940 2795 in
955 2735 1046 2796 Trist.

86 2823 112 2896 I,
130 2825 163 2880 1:
184 2823 276 2895 equis
295 2823 430 2896 quiquid
443 2840 531 2898 opum
551 2822 625 2895 forte
638 2825 768 2896 requirat
782 2825 843 2882 ortt.
865 2820 983 2880 Excidit
997 2841 1046 2878 cu-

86 2910 149 2966 tem
169 2908 355 2982 pentameter
374 2907 412 2966 ob
430 2907 544 2965 nullam
565 2906 654 2964 aliam
675 2924 792 2964 causam
806 2905 839 2963 in
852 2905 881 2963 N
895 2905 953 2964 nisi
969 2905 1047 2979 quod

88 3010 132 3066 sq.
153 3009 183 3050 v.
203 2989 236 3048 in
262 3009 296 3050 eo
321 2991 428 3066 incipit
453 2991 545 3050 etiam
572 3007 666 3065 aqu;
692 3008 762 3048 nem
787 2988 877 3047 habet
902 2989 1048 3062 scripture

88 3074 173 3135 valde
188 3073 338 3151 frequenti
353 3077 404 3150 qui
416 3094 471 3152 pro
486 3076 542 3135 ceri.

150 3157 206 3232 111,
223 3159 273 3233 23,
290 3160 330 3217 22
344 3162 453 3220 inermi
466 3159 682 3236 Hortzbergius
698 3156 806 3235 (turini
819 3151 988 3232 Heinsius),
1010 3155 1047 3214 cf.

89 3241 153 3305 Oct.
170 3244 219 3316 66,
238 3245 292 3318 183
308 3245 435 3304 iuverint
449 3244 487 3318 N,
503 3247 622 3318 captant
637 3242 672 3303 G.

149 3326 190 3386 ib.
208 3327 259 3384 24.
280 3327 369 3387 Hunc
388 3349 417 3388 v.
432 3330 512 3387 recte
526 3331 562 3386 ut
574 3329 648 3404 puto
669 3343 705 3384 ex
723 3325 822 3400 priore
837 3324 874 3384 cb
888 3323 1048 3401 interpola-

88 3415 152 3471 tore
167 3410 327 3471 confictum
342 3411 417 3471 dixit
431 3411 587 3471 Fischerus
607 3411 639 3469 in
659 3409 775 3470 dissert.
792 3409 828 3468 de
841 3409 914 3471 locis
928 3410 1049 3488 quibus·

87 3496 155 3555 dam
169 3494 374 3574 Propertianis
388 3495 510 3558 Bonnae
528 3496 608 3558 1863
624 3495 704 3556 edite
717 3513 768 3572 pg.
785 3495 834 3556 31.
