2628 4116
397 247 406 268 .
500 205 714 264 PRAEFATIO.
987 219 1098 268 LXXXI

195 375 281 435 Finis
300 375 420 436 numeri
440 392 557 452 semper
572 377 689 434 constet
703 374 848 436 voeabula
863 375 1022 453 plusquam
1036 393 1099 435 mo·

122 461 288 537 nosyllabo
303 462 423 536 praeter
439 459 487 532 36,
507 459 560 518 11:

337 561 410 619 deus
425 559 534 635 Priapo
549 556 742 620 mentulatior
757 576 818 620 eon
831 564 881 630 ot,

123 663 183 722 ubi
195 662 275 722 binis
285 661 510 738 monosyllabis,
527 661 579 721 sed
593 661 688 722 altero
697 661 834 722 enclitioo
843 661 948 722 finitur
958 663 1097 722 metrum·

124 746 176 808 cf.
195 747 222 806 d.
237 765 263 805 r.
279 765 320 806 m.
336 765 387 822 pg.
404 747 476 804 227.

196 830 252 890 III.
275 829 389 890 Versus
403 827 557 906 phalaecii.

437 949 456 980 .'.
467 971 488 982 ..
500 947 519 980 .'.
530 960 549 978 ν
560 959 579 978 ν
589 948 608 980 .'.
626 960 645 980 υ
655 948 674 980 .'.
685 963 704 980 υ
716 947 734 979 .'.
744 943 769 980 ῦ

196 1033 234 1094 ln
247 1033 313 1093 basi
329 1050 447 1109 semper
460 1033 587 1092 habetur
601 1032 759 1108 spondeus,
775 1034 897 1108 exeepto
912 1033 992 1109 quod
1006 1032 1099 1093 semel

126 1119 198 1179 sine
212 1117 281 1178 vitii
296 1117 461 1193 suspitione
475 1117 594 1176 iambus
609 1116 738 1175 occurrit
754 1111 795 1196 [4‚
812 1111 843 1196 2]
969 1173 970 1176 ,

337 1203 440 1262 dicans
455 1219 491 1260 ex
504 1199 718 1276 Elephantidos
732 1199 854 1262 libellis.

197 1284 335 1345 Vidends
348 1305 423 1361 quae
439 1285 567 1346 diximus
583 1285 611 1344 d.
627 1305 651 1344 r.
666 1303 706 1344 m.
725 1285 794 1345 162.
812 1286 882 1346 163.

197 1369 345 1428 Vltimam
369 1369 468 1430 thesin
495 1369 701 1445 monosyllabo
728 1371 863 1430 constare
892 1369 918 1430 si
942 1369 1099 1446 praecedet

120 1456 294 1532 plusquam
310 1453 551 1530 monosyllabum
564 1452 658 1514 nefas.

197 1537 235 1597 V.
258 1537 371 1600 Versus
385 1538 535 1614 priapeus.

373 1635 840 1699 aoaouaualavawao

199 1739 427 1816 Videndaquae
442 1739 659 1816 disputavimus
674 1739 711 1800 de
726 1741 831 1800 eodem
846 1759 936 1816 supra
949 1739 982 1799 in
996 1739 1099 1800 libello

127 1844 195 1902 quo
210 1823 322 1884 Catulli
335 1827 433 1882 metra
447 1824 666 1901 descripsimus.

201 1909 351 1991 Synizesis
363 1909 531 1984 exemplum
542 1908 622 1984 quod
632 1910 755 1968 notetur
767 1905 891 1984 dignum
903 1926 964 1966 non
977 1905 1101 1968 memini

129 1995 198 2056 nisi
211 1993 288 2052 illud
304 1989 345 2074 [2,
364 1987 414 2072 10]

380 2077 487 2153 templi
496 2075 661 2151 parietibus
674 2077 721 2135 tui
734 2075 853 2152 notovi3

127 2163 172 2224 of.
192 2163 221 2222 d.
236 2182 262 2222 r.
277 2181 318 2221 m.
335 2163 406 2220 257.

200 2262 496 2329 Porromonendum
517 2263 647 2338 plurima
667 2262 736 2322 illos
763 2261 815 2339 qui
835 2261 961 2338 Priapes
984 2277 1101 2338 oompo-
1139 2309 1142 2317 .

127 2367 224 2411 suere
245 2365 316 2406 eura
334 2365 404 2408 usos
424 2365 488 2406 esse
510 2347 586 2405 eirea
610 2347 757 2420 elisiones,
778 2365 851 2422 quas
873 2349 904 2405 et
916 2363 1024 2423 paucas
1039 2346 1102 2406 fere

128 2431 612 2508 adhibueruntneoinelegantes.
856 2486 859 2492 .

202 2515 289 2678 Vrpde
309 2516 402 2576 semel
419 2515 512 2575 habes
532 2515 726 2574 imminutum
745 2515 925 2576 venabulum
943 2513 1103 2573 iambicum

146 2604 205 2674 83,
223 2602 239 2658 1

132 2599 145 2682 l
222 2703 293 2744 vere
307 2702 384 2757 ross,
399 2686 541 2743 autumno
556 2685 663 2760 pomis,
679 2685 790 2743 aestate
804 2684 987 2760 frequentor.

202 2783 240 2844 Id
260 2785 413 2860 sumptum
433 2783 470 2842 ab
491 2784 626 2860 exemplo
642 2781 824 2858 Oatrdlieno,
847 2783 923 2844 sieut
942 2783 1057 2843 iambus
1071 2783 1104 2844 in

128 2869 205 2932 basi
225 2868 475 2946 hendecasyllabi.
506 2866 593 2928 Vnde
613 2869 790 2944 plerumque
809 2885 987 2944 permoveor
1006 2870 1041 2927 ut
1059 2868 1103 2927 in-

130 2953 327 3032 probandum
346 2951 452 3018 dueem
471 2952 552 3028 quod
571 2952 778 3013 Lachmannus
798 2953 955 3028 proposuit
974 2953 1009 3010 ut
1034 2953 1103 3012 sori·

130 3039 262 3099 beretur
276 3035 358 3096 ‘vere
373 3055 450 3111 rosa,
465 3037 562 3113 pomis
577 3038 742 3096 autumno’.
765 3033 828 3096 Oet.
844 3036 881 3094 ef.
897 3035 926 3093 d.
941 3055 966 3093 r.
978 3054 1018 3092 m.
1032 3036 1103 3095 285.

128 3155 178 3166 —
197 3121 298 3180 Semel
318 3121 408 3179 etiam
428 3121 554 3182 verbum
569 3122 678 3182 oretioo
693 3120 774 3196 quod
786 3119 924 3179 finiretur
939 3117 1059 3179 eliditur
1072 3120 1105 3180 in

128 3206 224 3268 brevi
242 3200 303 3284 [85‚
321 3199 351 3282 7]

293 3305 370 3364 alter
384 3305 507 3366 adsidua
521 3323 627 3366 cavens
642 3305 802 3380 diliperete'o,
817 3307 853 3364 nt
865 3305 966 3365 herba.

201 3406 273 3467 Non
293 3407 389 3482 magis
409 3425 499 3482 qnam
519 3407 627 3466 oratioe
646 3405 803 3466 commissa
824 3425 891 3466 oum
905 3405 1002 3468 uooali
1020 3403 1106 3468 breui
1184 3451 1186 3454 -

125 3491 288 3568 dactylica
303 3508 426 3567 eaquae
441 3498 472 3550 m
485 3491 587 3552 littera
603 3489 845 3555 terminarentur.
