2666 4138
463 224 676 282 PRAEFATIO.
1027 242 1051 290 v

80 393 203 454 codices
232 393 349 454 saeculo
371 391 427 451 XV
454 394 570 469 priores
596 396 701 454 extant
725 396 777 454 aut
801 395 878 456 nulli
903 398 955 456 aut
980 417 1051 474 pau-

81 496 207 537 cissima
602 531 607 540 .

152 576 212 638 Sed
233 595 268 637 ex
290 595 399 653 magna
427 577 578 654 farragine
606 577 753 639 librorum
782 582 1052 656 manuscriptorum

80 663 162 722 duos
176 661 367 738 potissimum
382 661 475 738 elegit
488 661 710 738 Lachmannua,
732 683 805 740 quos
821 666 985 742 sequendos
999 667 1052 724 du-

17 820 18 824 *
82 749 178 820 earet,
201 763 217 804 e
234 745 342 822 quibus
357 745 433 804 alter
446 745 505 804 fuit
519 745 743 823 Neapolitanus,
759 750 810 825 qui
824 767 903 808 nune
918 748 1052 810 Guelfer-

80 831 145 890 biti
165 831 350 904 asservatur,
371 829 408 888 de
423 847 481 906 quo
496 828 576 888 infra
591 831 719 906 dicetur,
740 833 817 892 alter
832 831 1051 911 Groninganua.

81 914 167 974 Nam
182 933 270 990 quem
285 913 409 972 tertium
424 915 599 974 auctoritate
613 935 717 992 parem
731 917 781 977 vel
793 917 924 993 priorem
938 916 1054 978 addidit

83 999 330 1074 antiquissimum
341 997 454 1056 librum
468 997 647 1058 Bemardini
662 999 776 1074 Veliae,
792 1001 928 1062 aFrane.
944 1001 1052 1061 Puoeio

83 1082 270 1156 adhibitum,
292 1083 355 1142 eius
369 1081 459 1140 fidam
473 1083 525 1143 vix
538 1083 634 1158 pluris
648 1083 815 1144 habendam
835 1103 925 1161 quam
938 1086 1055 1162 reliqua

81 1167 234 1226 Italorum
254 1169 392 1242 excerpta
415 1167 527 1242 optime
550 1167 651 1226 docuit
670 1167 785 1227 Keilius
805 1169 838 1228 in
855 1169 971 1230 observ.
987 1169 1052 1228 erit.

81 1271 137 1328 pg.
157 1251 196 1308 22
212 1269 255 1326 sq.
277 1253 308 1309 ct
328 1250 459 1326 apertius
479 1250 571 1310 etiam
591 1252 624 1310 in
638 1251 731 1328 praef.
746 1251 836 1328 Prop.
851 1271 902 1329 pg.
917 1254 958 1328 43'
969 1255 1053 1313 cuius

82 1335 199 1397 iudicio
214 1335 323 1394 aeriter
336 1337 400 1393 rem
415 1334 552 1394 meditati
567 1336 655 1411 plane
671 1336 894 1396 subscribimus.

151 1451 231 1513 Vsus
251 1455 353 1512 tamen
367 1452 492 1512 Pueeius
513 1454 688 1513 membrana
701 1471 763 1514 non
778 1454 898 1514 omnino
913 1473 1053 1531 spernam

83 1538 123 1595 da
138 1554 195 1596 nee
209 1535 348 1597 dissimili
362 1555 485 1612 prorsus
500 1537 724 1614 Neapolitanae,
745 1556 781 1597 ex
795 1539 877 1614 quali
892 1539 983 1599 etiam
996 1539 1054 1598 Re-

84 1621 200 1698 giensis
220 1639 247 1679 a.
265 1621 344 1680 1481
365 1620 452 1680 fluxit
473 1621 573 1681 editio.
618 1621 705 1681 Vnde
726 1621 773 1682 his
792 1640 866 1698 quos
887 1621 948 1681 dini
968 1623 1054 1683 libris

84 1705 160 1781 quin
174 1705 221 1764 bis
235 1707 319 1765 terve
330 1705 430 1764 varius
444 1707 687 1780 repraesentetur
701 1705 855 1782 archetypi
869 1705 957 1766 lectio
973 1709 1053 1782 equi-

84 1790 157 1848 dem
170 1788 272 1848 nullus
287 1788 400 1848 dubito.
423 1788 537 1848 'Pernen
552 1807 619 1849 eum
634 1789 708 1850 alias
722 1807 819 1864 neque
833 1789 865 1848 id
879 1807 947 1849 raro
962 1790 1054 1849 inter·

84 1873 248 1948 palationis
277 1871 465 1948 apertissima
492 1873 710 1949 prenderentur
737 1873 880 1948 vestigia,
915 1871 1054 1950 religioni

85 1956 159 2016 duxi
179 1955 339 2032 quidquam
360 1955 515 2016 adsumere
530 1975 566 2016 er
579 1956 656 2031 illis,
677 1955 737 2016 nisi
757 1956 837 2032 quod
851 1956 901 2020 uel
915 1954 978 2015 sine
992 1956 1055 2016 ulla

84 2041 331 2101 membranarum
344 2039 403 2100 fide
418 2043 496 2100 esset
510 2041 723 2117 recipiendum.

153 2155 292 2216 Ceterum
303 2156 511 2217 Lachmannus
529 2153 633 2236 [praef.
644 2176 695 2233 pg.
708 2153 738 2235 9]
755 2157 851 2216 multo
865 2157 933 2234 plns
947 2157 1055 2216 tribuit

85 2241 282 2317 Groningano
296 2241 375 2300 libro
387 2260 477 2316 quem
482 2240 691 2316 Neapolitano,
704 2244 735 2300 et
746 2243 865 2301 secutus
875 2259 943 2300 eum
948 2239 1053 2302 Hertz·

84 2325 210 2401 bergina
228 2320 352 2406 [quaest.
368 2325 458 2400 Prop.
476 2321 666 2404 233—235].
689 2324 803 2384 Verum
817 2325 877 2383 iam
891 2323 1007 2384 Keilius
1022 2326 1056 2384 in
1098 2351 1100 2354 ·

56 2452 60 2466 .
86 2411 237 2470 observat.
258 2427 308 2486 pg.
328 2410 365 2466 11
382 2427 446 2484 sqq.
468 2408 548 2466 haud
569 2427 638 2468 sane
652 2427 762 2484 paucas
777 2408 909 2468 eiusdem
923 2407 1055 2482 interpo-

85 2494 215 2552 lationes
246 2493 359 2552 detexit
380 2493 551 2568 pariterque
578 2492 768 2568 Neapolitani
796 2491 885 2568 fidem
913 2491 1053 2551 adseruit.

87 2575 227 2636 Videnda
241 2577 332 2636 etiam
347 2595 422 2652 quae
438 2576 514 2636 dixit
528 2576 608 2635 idem
628 2595 678 2654 pg.
696 2577 745 2651 25,
763 2577 813 2636 26.
842 2575 943 2635 Etiam
958 2577 1056 2652 magis

85 2680 153 2720 rem
172 2660 305 2720 firmavit
320 2661 463 2736 exemplis
484 2659 594 2720 additis
614 2661 764 2738 Hauptius
783 2661 816 2719 in
835 2660 938 2719 libello
954 2659 1055 2718 aeade-

86 2745 166 2804 mieo
181 2763 207 2802 a.
225 2745 307 2805 1854
322 2745 368 2805 ed.
387 2739 469 2824 [pgg.
486 2741 593 2824 4-9],
615 2745 667 2805 ubi
682 2745 791 2822 etipse
805 2743 950 2820 quaedam
964 2743 1054 2802 Italo·

86 2848 157 2887 rum
176 2828 328 2903 licentiae,
350 2847 425 2905 quae
446 2829 575 2886 exercita
592 2829 632 2888 sit
645 2830 678 2888 in
691 2829 803 2889 librum
818 2826 1054 2904 Groninganum,

86 2911 205 2988 profert
222 2912 407 2972 documenta.
451 2911 587 2970 Intendit
609 2913 665 2972 hoe
688 2911 922 2986 Heimreichius‚
952 2912 1003 2988 qui
1022 2913 1055 2969 in

89 2997 178 3072 diss,
200 3014 290 3072 quam
311 2993 464 3072 inscripsit
483 2995 672 3072 quaestiones
686 2995 906 3072 Propertianas,
928 3014 953 3052 a.
973 2995 1054 3052 1863

87 3081 240 3155 publicata
262 3082 376 3140 nullam
398 3081 519 3140 omnino
539 3081 610 3140 libri
631 3079 817 3156 Groningani
843 3079 926 3136 cuius
947 3076 1054 3136 descri-
1161 3095 1165 3104 ·

87 3165 223 3239 ptionem
237 3165 352 3224 eddidit
365 3184 438 3242 pgg.
453 3165 483 3238 4,
500 3165 519 3225 5
535 3164 742 3224 auctoritatem
757 3181 821 3222 ease
836 3161 951 3235 statuit,
967 3162 1056 3236 atque

88 3249 162 3309 adeo
178 3251 328 3325 quotquot
341 3268 445 3310 versus
461 3249 523 3308 sive
538 3265 681 3309 uersuum
695 3245 860 3324 particulae
873 3245 907 3304 in
919 3243 973 3306 illo
988 3262 1056 3303 eum

87 3334 226 3392 extarent
239 3333 379 3392 abessent
389 3352 406 3392 a
415 3332 614 3406 Neapolitano
628 3330 775 3391 eafraude
791 3327 915 3389 conficta
929 3330 1054 3390 censuit.

88 3415 194 3476 Simile
214 3416 364 3493 praeierat
382 3416 530 3492 Hauptius
551 3418 603 3493 qui
622 3416 655 3475 in
674 3415 846 3494 prohoemio
868 3413 947 3490 quod
967 3413 1056 3472 modo

87 3503 253 3562 memorari
272 3503 431 3577 proposuit
449 3502 585 3580 exempla
605 3519 680 3578 quae
700 3501 758 3578 ipsi
781 3499 955 3561 viderentur
976 3499 1055 3558 lacu·
