2632 4140
238 231 281 296 36
623 228 816 286 Paoauarn
1152 223 1204 296 [V.

302 395 437 479 Deinde,
452 394 507 459 ubi
523 393 706 477 suppositus
719 392 856 456 cinerem
866 411 918 454 me
928 389 1039 454 lecerit
1053 385 1155 467 ardor,
1169 399 1203 446 15
1310 405 1313 526 Ι

345 479 494 563 Accipiat
512 477 624 542 Manes
646 476 776 559 parvola
796 478 879 540 testa
899 495 998 556 meos,
1312 527 1313 550 ,

303 564 347 629 Et
368 564 411 626 sit
432 563 468 626 in
489 561 605 646 exiguo
627 560 734 623 laurus
755 580 850 642 super
870 557 978 622 addita
1000 555 1109 637 busto,

347 647 434 722 Quae
455 647 546 730 tegat
567 643 701 708 extincti
720 643 841 707 fimeria
862 641 975 706 umbra
995 641 1115 721 locum,

255 743 288 795 35
303 730 347 796 Et
357 729 419 794 duo
431 731 496 794 sint
506 749 627 811 versus,
639 727 706 810 ‘qui
715 747 802 792 nuno
809 726 892 790 iacet
901 725 1031 790 horrida
1040 723 1153 808 pulvis,

346 813 448 878 Vnius
469 812 523 877 hie
544 809 705 896 quondam
725 831 833 874 servus
855 810 971 873 amoris
993 812 1084 872 erat!
1168 819 1206 868 20

306 898 376 966 Nec
390 898 496 962 minus
510 895 589 960 haec
603 894 707 959 nostri
720 897 866 959 notescet
879 894 966 958 fama
980 890 1147 976 sepulchri,

348 981 449 1058 Quam
471 979 587 1045 florent
607 978 717 1044 Phthii
738 977 833 1042 busta
854 980 984 1042 cruenta
1005 976 1073 1040 viri.

218 1108 223 1117 ·
306 1065 354 1131 Tu
391 1087 495 1148 uoque
517 1065 544 1129 si
559 1062 684 1210 prendo
705 1061 813 1126 venies
836 1061 876 1124 ad
896 1061 977 1142 fata,
1000 1059 1159 1122 memehto

258 1165 292 1213 40
382 1149 517 1220 ociter:
540 1169 560 1211 a
602 1145 724 1230 lapides
747 1150 826 1210 ca'na
846 1145 920 1209 veni
941 1164 1105 1208 memores.

307 1234 433 1298 Interea
455 1253 530 1296 cave
553 1231 596 1294 sis
618 1251 678 1294 nos
700 1232 868 1312 aspernata
890 1229 1046 1312 sepultos:
1169 1238 1204 1286 25

349 1315 508 1382 Nonnihil
530 1314 572 1378 ad
592 1335 702 1378 verum
724 1315 851 1379 conscia
871 1317 957 1376 terra
978 1311 1070 1394 sapit.

306 1402 413 1484 Atque
427 1400 550 1463 utinam
564 1398 676 1482 primis
691 1397 831 1461 animam
845 1417 896 1460 me
910 1407 1028 1480 ponere
1044 1395 1133 1459 cunis

349 1483 499 1548 Iussisset
520 1487 648 1566 quaevis
670 1481 709 1546 de
729 1481 833 1545 tribus
854 1502 919 1545 una
940 1481 1043 1564 soror!

259 1583 292 1631 45
306 1568 390 1633 Nam
412 1587 474 1652 quo
496 1569 563 1628 tam
584 1564 699 1629 dubiae
722 1569 863 1628 servetur
885 1564 1014 1647 spiritus
1036 1561 1155 1626 horae?

349 1650 497 1717 Nestoris
519 1652 569 1714 est
588 1650 674 1713 visus
696 1651 771 1732 post
791 1649 854 1712 tria
875 1647 980 1712 saecla
1002 1647 1096 1710 cinis:
1171 1657 1208 1706 ao

310 1736 370 1802 Oui
392 1735 420 1800 si
441 1735 615 1819 longaevae
636 1733 805 1797 minuisset
825 1733 892 1796 feta
914 1733 1059 1795 senectae
1312 1733 1313 1736 ’

351 1819 492 1884 Gallicus
514 1817 620 1882 Iliacis
642 1817 733 1880 miles
755 1817 790 1880 in
812 1815 993 1900 aggeribus,

309 1903 385 1968 Non
407 1905 462 1967 aut
483 1900 647 1966 Antilochi
668 1900 800 1964 vidisset
821 1921 935 1983 corpus
957 1899 1080 1962 humari
1086 1925 1099 1979 ,·

260 2001 295 2050 ⁶0
351 1986 481 2051 Diceret
502 1989 556 2048 aut
578 1994 609 2048 ‘o
631 2005 727 2066 mors,
750 2005 806 2048 our
826 1983 906 2047 mihi
928 2004 997 2047 sera
1018 1980 1142 2046 venisl'

311 2070 359 2134 Tu
373 2075 480 2134 tamen
495 2070 612 2132 amisso
627 2089 694 2133 non
707 2089 880 2152 numquam
895 2067 985 2132 flebis
1001 2066 1118 2130 amieo:
1173 2078 1210 2127 ao

352 2153 414 2216 Fas
435 2156 485 2216 est
505 2151 693 2236 praeteritos
715 2173 840 2236 semper
860 2172 964 2216 amare
987 2157 1080 2215 viros.

311 2235 425 2319 Testis,
448 2235 499 2299 eui
519 2235 647 2299 niveum
669 2235 828 2318 quondam
849 2235 1005 2320 percussit
1025 2234 1173 2298 Adonem

352 2319 532 2384 Venantem
553 2318 655 2383 Idalio
677 2319 794 2384 vertioe
816 2317 912 2383 durus
934 2340 1024 2402 aper:

262 2419 296 2468 os
310 2403 379 2470 Illis
401 2405 577 2468 formosum
598 2403 756 2468 vocitasse
778 2401 960 2488 paludibus,
981 2403 1056 2466 illue

354 2487 478 2552 Diceris
500 2487 599 2551 effusa
619 2491 664 2570 tu,
684 2485 804 2570 Venus,
826 2488 888 2551 isse
910 2507 1008 2551 coma.
1177 2499 1216 2548 40

312 2572 375 2639 Sed
396 2572 515 2634 frustra
535 2573 641 2636 mutos
663 2571 836 2654 revocabis,
859 2569 1006 2654 Cynthia,
1029 2569 1156 2634 Manes:

354 2654 439 2721 Nam
460 2676 533 2718 mea
554 2655 630 2737 quid
651 2657 802 2738 poterunt
824 2676 897 2719 ossa
917 2655 1040 2718 minuta
1062 2654 1174 2736 loqui?

653 2787 805 2794 -...--,.....

615 2865 667 2940 v1
694 2868 836 2960 [xum.

313 2991 390 3058 Non
410 2990 457 3055 ita
479 2989 641 3057 Dardanio
662 2991 791 3074 gavisus
813 2989 928 3053 Atrida
949 2989 1159 3074 triumphcst,

357 3075 438 3141 (lum
460 3075 608 3138 caderent
629 3095 764 3158 magnae
785 3073 1010 3138 Laomedontis
1032 3093 1126 3157 opes,

314 3160 383 3226 Neo
405 3159 451 3223 sic
473 3179 578 3222 errore
600 3161 711 3222 exacto
733 3158 867 3222 laetatus
882 3156 1006 3241 Vlixes,
1077 3215 1082 3224 .

358 3241 438 3308 (lum
460 3242 568 3326 tetigit
588 3261 678 3305 carae
699 3241 809 3306 littora
827 3240 1007 3323 Dulichiae,

290 3327 387 3402 oNeo
409 3327 455 3390 sio
475 3325 618 3408 Electra,
641 3325 762 3390 salvum
784 3347 856 3390 oum
878 3325 1001 3408 aspexit
1023 3325 1248 3414 Oresten‚3:‘s‹·
1310 3361 1311 3366 κ

359 3410 456 3474 Cuius
478 3409 559 3473 falsa
579 3412 692 3472 tenens
713 3409 842 3474 fleverat
864 3430 936 3472 ossa
958 3429 1064 3492 soror,
1193 3415 1237 3482 fi<-
1251 3425 1267 3446 ⁸
1299 3423 1311 3438 ·’

316 3494 385 3560 Neo
406 3493 452 3558 sio
472 3493 664 3557 ineolumem
685 3493 803 3557 Minois
824 3491 947 3558 Thesea
967 3492 1062 3577 vidit,
