2632 4140
92 275 207 348 svin]
501 276 608 368 uraca
629 276 651 333 r
1021 270 1058 337 17

134 438 179 502 Et
199 436 367 502 matutinis
389 435 547 520 obstrepit
568 438 706 502 alitibus.

94 523 145 589 Sic
167 542 227 606 ego
250 539 336 584 nunc
359 520 507 584 dominae
529 521 615 586 vitiis
637 525 670 586 et
691 542 816 606 semper
841 521 978 587 amantis

134 605 279 670 Fletibus
301 605 424 668 alterna
445 603 573 668 differor
594 603 722 670 invidia.

498 727 647 848 x—un

0 878 12 910 '
93 891 289 1041 EtNmerito,
313 891 463 1038 qqoniffi
484 891 575 1037 polqui
599 891 720 1038 fugipqe
742 891 896 976 puellaml

93 995 440 1142 Necuidihiegtiasseidiee
462 995 917 1140 daivaffiudirsurdyddiidamst,

137 1143 314 1226 Omniaque
335 1142 462 1226 ingrato
484 1141 591 1206 littore
613 1145 688 1206 vota
710 1141 834 1207 cadent.
933 1155 935 1158 ’

94 1227 298 1302 Quinetiam
320 1225 446 1290 absenti
467 1228 603 1309 prosunt
623 1226 699 1309 tibi,
723 1225 879 1310 Cynthia,
902 1227 1004 1290 ventis
1041 1239 1059 1290 ὁ
1152 1225 1153 1230 ’

137 1311 269 1394 Aspice,
292 1331 387 1394 quam
409 1324 520 1374 saevas
541 1309 686 1394 increpat
707 1332 783 1374 aura
804 1311 917 1376 minas.

93 1394 233 1460 Nullane
255 1393 400 1477 placatae
421 1393 529 1458 veniet
550 1393 682 1465 fortuna
702 1394 883 1479 procellae?

1 1555 2 1572 ἵ
136 1477 279 1542 Haecine
300 1498 401 1574 parva
422 1499 529 1542 meum
550 1477 646 1543 funus
667 1478 789 1543 harena
809 1478 920 1563 teget?

93 1561 144 1626 'Iu
166 1567 276 1626 tamen
296 1583 332 1628 1n
351 1561 468 1636 melius
490 1583 601 1627 saevas
624 1566 773 1628 converte
796 1563 956 1646 querelas:

1 1701 2 1721 ,
139 1645 196 1711 Sat
217 1645 278 1710 tibi
300 1645 343 1710 sit
362 1653 487 1729 poenae
508 1667 574 1710 nox
596 1649 630 1710 et
650 1647 760 1730 iniqua
781 1646 872 1710 vada.

1 1772 2 1792 r
93 1730 148 1794 An
169 1729 290 1814 poteris
312 1729 404 1794 siccis
425 1751 497 1794 mea
518 1729 586 1792 fata
607 1750 770 1814 opponere
792 1729 919 1813 ocellis,

1 1815 2 1818 ’
78 1814 81 1818 ’
139 1813 280 1897 Ossaque
302 1813 392 1879 nulla
412 1817 468 1878 tuo
489 1817 603 1878 nostra
624 1817 732 1878 tenere
754 1813 848 1878 sinu?

8 1927 18 1945 ψ
95 1899 129 1962 Α
172 1901 272 1982 ereat,
295 1897 485 1984 quicumque
506 1901 590 1962 rates
613 1900 645 1962 et
666 1897 736 1962 vela
756 1896 883 1981 paravit
904 1909 910 2040 p

74 1913 80 2062 i
138 1920 262 2046 damus
284 1985 318 2046 et
337 1983 440 2048 invito
523 1982 590 2079 gite
612 1981 691 2046 fecit
711 1981 781 2046 iter.

94 2065 214 2132 Nonne
235 2065 298 2130 fuit
318 2066 431 2131 melius
476 2086 602 2130 emmae
623 2066 807 2151 pervincere
828 2085 934 2130 mores
1039 2111 1040 2114 κ

0 2133 2 2288 q
140 2148 304 2234 (Quamvis
326 2149 420 2234 dura,
441 2153 552 2215 tamen
572 2172 644 2216 rara
664 2149 771 2248 puella
790 2148 880 2235 ituit),

96 2232 200 2310 Quam
222 2234 268 2299 sic
289 2233 410 2316 ignotis
434 2235 627 2300 circumdata
648 2235 757 2298 httora
779 2234 867 2298 silvis

140 2315 276 2384 Cernere
299 2321 331 2383 et
352 2321 479 2403 optatos
501 2339 651 2402 quaerere
673 2317 892 2402 Tyndaridas?

95 2401 169 2466 Illic
190 2403 282 2488 siqua
302 2423 409 2468 meum
431 2403 620 2487 sepelissent
639 2401 708 2466 iata
729 2401 886 2484 dolorem,

139 2485 279 2550 Vltimus
301 2489 333 2550 et
352 2487 457 2570 posito
481 2488 580 2550 staret
601 2506 709 2550 amore
730 2485 822 2569 lapis,

94 2567 158 2634 illa
178 2591 250 2634 meo
274 2583 363 2635 caros
386 2571 538 2636 donasset
558 2570 669 2635 funere
691 2570 810 2652 crines,

1 2625 3 2676 δ
140 2653 281 2718 Molliter
303 2659 335 2719 et
355 2657 466 2720 tenera
509 2659 621 2720 oneret
641 2675 716 2719 ossa
736 2675 823 2718 rosa:

95 2736 157 2802 Illa
178 2759 286 2802 meum
308 2741 450 2804 extremo
473 2677 642 2804 adamasset
662 2739 792 2823 pulvere
814 2759 947 2822 nornen,

140 2821 185 2886 Vt
205 2822 295 2886 mihi·
307 2845 374 2888 non
394 2823 461 2887 ullo
483 2821 624 2906 pondere
644 2825 729 2887 terra
749 2823 843 2887 foret.

95 2907 145 2970 At
164 2927 236 2988 vos,
260 2927 297 2971 ae
320 2928 435 2972 uoreae
455 2905 598 2970 formosa
618 2903 739 2970 Doride
759 2909 872 2988 natae,

141 2988 286 3054 Candida
299 2928 392 3055 ielici
413 2991 527 3055 solvite
548 2989 618 3054 vela
640 2988 752 3054 choro:

1 3143 2 3160 ,
96 3072 134 3138 Si
175 3073 282 3138 nando
304 3079 425 3140 vestras
447 3073 558 3140 labens
579 3074 681 3138 Amor
703 3071 812 3158 attigit
833 3071 950 3156 undas,

1 3163 2 3169 ’
175 3157 317 3222 ansuetis
339 3159 426 3224 socio
448 3159 569 3244 parcite
591 3155 749 3221 litoribus.

506 3287 650 3418 nn?

61 3461 69 3520 i
94 3461 186 3528 Haec
208 3465 293 3527 certe
316 3462 440 3527 deserta
461 3459 533 3524 loca
554 3462 587 3524 et
606 3457 767 3522 tacitrrrna
789 3459 949 3543 querenti,

71 3471 85 3644 i
138 3545 184 3610 Et
204 3567 339 3612 vacuum
361 3544 499 3630 Zephyri
520 3542 663 3630 possidet
684 3563 760 3606 aura
780 3563 906 3609 nemus:

148 3647 302 3690 caeram
890 3647 908 3700 2

63 3538 66 3551 ⁴

64 3564 66 3573 r

65 3604 69 3615 ι

67 3622 70 3631 ι

66 3638 70 3648 ι
