2628 4116
550 107 552 110 .
628 58 782 116 CATVLLI

655 225 753 298 XJII.

309 339 446 407 Cenabis
468 339 564 422 bene,
587 339 633 402 mi
653 339 800 416 Fabulle,
824 337 908 484 apud
930 359 981 402 ma

309 425 439 508 Paucis,
463 424 497 502 si,
511 423 571 486 tibi
593 423 626 486 di
647 423 772 502 favent,
795 419 846 485 die
869 443 920 504 us,

312 508 345 572 Si
367 511 473 573 tecum
495 506 640 570 attuleris
662 506 781 569 bonam
803 507 897 588 atque
918 527 1069 591 magnam

311 592 446 674 Cenem,
469 612 535 654 non
558 591 626 654 sine
649 589 784 654 candida
805 588 912 673 puella

239 691 255 737 τι
308 675 353 740 Et
373 676 448 740 vino
471 677 503 738 et
525 675 590 738 sale
613 676 645 738 et
666 673 814 738 omnibus
838 672 1010 738 cachinnis.

310 759 399 823 Haec
422 759 463 841 si,
486 758 631 842 inquam,
655 757 798 821 attuleris
804 805 813 838 ,
836 760 968 822 venuste
989 759 1115 842 noster,

312 842 449 908 Cenabis
470 842 566 906 bene}
588 863 663 905 nam
684 841 732 905 tui
755 838 873 906 Catulli

311 927 429 991 Plenus
451 927 596 990 sacculus
620 928 668 988 est
690 946 886 1012 aranearum.

312 1010 374 1075 Sed
396 1013 507 1074 contra
528 1009 665 1092 accipies
687 1030 791 1072 meros
814 1031 936 1074 amores

311 1095 374 1159 Seu
395 1093 618 1178 quid-suavius
642 1093 904 1176 elegantiusvcst:

311 1177 397 1243 Nam
417 1180 617 1258 unguentum
639 1177 736 1260 debe,
760 1176 845 1258 quod
866 1199 955 1242 mese
976 1177 1103 1262 puellae
1136 1214 1137 1225 κ

311 1261 484 1326 Donarunt
504 1259 646 1324 Veneres
669 1259 919 1344 Cupidinesque,

313 1343 405 1419 Quod
426 1347 462 1408 tu
484 1363 556 1408 cum
578 1343 723 1427 olfacies,
747 1345 822 1408 deos
844 1345 988 1430 rogabis,

313 1427 430 1492 Totum
450 1430 488 1490 ut
508 1431 540 1492 tc
562 1427 695 1510 faciant,
718 1427 867 1512 Fabulle,
891 1434 1013 1493 nasum.

650 1616 764 1689 XHH.

312 1731 356 1798 Ni
377 1731 410 1795 te
431 1731 504 1814 plus
527 1731 627 1794 oculis
649 1731 728 1794 meis
751 1751 905 1814 amarem,

312 1815 542 1880 Iucundissime
565 1813 675 1897 Calue,
698 1836 829 1879 munere
850 1815 913 1878 isto

314 1899 459 1963 Odissem
480 1901 513 1962 te
535 1898 608 1962 odio
629 1897 818 1963 Vatiniano:

313 1982 398 2047 Nam
420 1981 497 2066 quid
518 1981 581 2045 feci
603 2003 662 2066 ego
685 1982 800 2065 quidve
822 2004 892 2048 sum
915 1983 1055 2066 loeutus,

314 2065 378 2130 Cur
400 2087 450 2129 me
471 2067 522 2128 tot
542 2065 625 2128 male
646 2066 793 2149 perderes
815 2066 943 2150 poetis?

297 2149 373 2230 ¹Isti
395 2149 427 2212 di
448 2149 533 2212 mala
554 2150 655 2213 multa
677 2149 753 2214 dent
775 2149 899 2232 clienti,

314 2233 375 2308 Qui
396 2235 522 2296 tantum
543 2233 603 2296 tibi
624 2234 713 2298 misit
733 2235 904 2318 inpiorum.

238 2340 240 2344 ¹
314 2315 406 2392 Quod
428 2317 471 2398 si,
493 2319 530 2381 ut
551 2318 709 2401 suspicor,
731 2317 793 2382 hcc
814 2339 932 2383 novum
954 2339 991 2384 ac
1012 2320 1178 2403 repertum
1312 2312 1314 2401 l

313 2400 430 2464 Munus
453 2401 507 2464 dat
527 2401 587 2464 tibi
610 2401 698 2466 Sulla
719 2402 893 2484 litterator,
1266 2441 1268 2448 ·

158 2507 160 2514 ’
230 2499 262 2546 10
311 2483 388 2549 Nou
410 2487 459 2548 est
479 2485 524 2548 rni
544 2485 643 2568 male,
667 2485 722 2568 sed
744 2485 884 2550 beneco
906 2485 998 2551 beate
1004 2535 1013 2570 ,

314 2567 406 2642 Quod
425 2589 493 2633 non
514 2567 699 2651 dispereunt
718 2569 767 2632 tui
788 2571 922 2633 labores.

313 2651 356 2716 Di
377 2651 501 2736 magni,
523 2650 709 2716 horribilem
731 2656 763 2716 et
785 2675 909 2718 sacrum
930 2654 1074 2720 libellum

315 2735 415 2810 Quem
436 2739 473 2798 tu
495 2735 616 2799 scilicet
638 2737 677 2799 ad
698 2739 789 2801 tuum
812 2737 973 2802 Catullum

313 2818 418 2900 Misti,
441 2818 592 2882 continuo
615 2822 651 2882 ut
673 2819 723 2885 die
744 2822 878 2906 periret,

230 2915 261 2964 15
312 2901 548 2985 Saturnalibus,
572 2904 692 3000 optimo
716 2904 852 2970 dierum!

313 2985 390 3051 Non
410 3007 478 3050 non
498 2985 560 3050 hoc
581 2988 656 3070 ubi,
679 2989 775 3071 salse,
799 2989 846 3053 sic
868 2989 984 3058 abibit}

312 3070 421 3152 Nam,¹
436 3069 463 3133 si
483 3069 613 3154 luxerit,
637 3071 678 3134 ad
699 3072 900 3138 librariorum

315 3151 447 3218 Curram
469 3155 600 3237 scrinia,
625 3154 769 3238 Caesios,
791 3156 953 3240 Aquinos,

315 3235 493 3320 Suffenum,
516 3239 624 3302 omnia
646 3239 795 3325 colligam
817 3263 955 3326 venena,

229 3332 262 3382 20
311 3320 414 3383 Acte
436 3319 487 3384 his
510 3323 674 3406 suppliciis
696 3326 931 3391 remunerabor.
