2632 4140
114 237 229 309 xxV1.]
515 237 623 290 LIBER
643 237 691 292 ΙΙΙ.
1037 229 1078 292 53

223 399 319 464 Nunc
341 398 414 482 dea,
437 419 516 482 quac
539 397 607 463 Nili
628 399 760 462 flumina
781 419 876 462 vacca
897 396 987 461 bibit.

180 483 241 548 Ino
263 483 360 547 etiam
382 482 484 567 prima
503 481 621 546 Thebis
644 485 746 546 achate
768 482 926 566 iugahash:
953 534 957 542 .

129 580 164 629 ro
221 565 315 631 Hanc
336 567 434 631 miser
455 565 595 650 inploret
614 567 724 630 navita
744 565 957 630 Leucothoen.

181 650 384 716 Andromede
405 649 558 714 monstris
579 650 686 715 fuerat
707 650 822 714 devota
842 648 988 713 marinis:

223 735 312 799 Haec
334 733 445 799 eadem
465 733 574 798 Persei
594 735 712 798 nobilis
734 755 814 798 uxor
836 738 912 799 erat.

182 817 316 892 Callisto
337 817 493 882 Arcadios
516 820 675 882 erraverat
694 840 769 883 ursa
789 840 846 902 per
868 839 977 902 agros:

2 941 3 974 ;
223 901 312 967 Haec
333 903 491 966 nocturna
512 922 568 965 suo
591 902 693 967 sidere
714 903 786 966 vela
806 901 898 987 regit.

2 1029 3 1044 ,
132 999 165 1048 ao
182 986 274 1062 Quod
296 987 323 1050 si
345 986 428 1050 forte
449 985 509 1048 tibi
530 1006 588 1069 pro
614 987 734 1050 erarinh
754 986 820 1050 faia
841 986 993 1070 quietem,

224 1069 286 1134 Illa
308 1069 486 1154 sepulturae
508 1070 576 1133 fata
590 1009 690 1134 hacta
709 1073 792 1134 tuae.

181 1152 334 1220 Narrabia
358 1151 514 1237 Semelae,
537 1173 599 1238 quo
622 1151 665 1218 sii
684 1153 827 1218 formosa
847 1153 983 1237 periclo,

225 1236 341 1303 credet
362 1239 395 1302 eh
415 1238 484 1321 illa,
508 1259 565 1302 auo
586 1237 681 1302 docta
700 1238 807 1336 puella
827 1237 925 1321 malo;

183 1323 227 1386 Ei
247 1322 308 1386 tibi
329 1321 494 1387 Maeonias
515 1322 600 1388 inter
620 1321 768 1386 hero1das
790 1343 901 1386 omnes

1 1415 2 1494 ᾖ
133 1419 167 1467 30
223 1405 349 1470 Primus
371 1406 432 1471 erit
451 1406 541 1470 nulla
561 1427 628 1470 non
646 1406 806 1471 tribuente
828 1406 926 1471 locus,

183 1489 292 1573 Nunc,
314 1493 484 1574 utcumque
505 1493 611 1574 potes,
633 1489 700 1555 faio
719 1511 795 1576 gere
816 1491 922 1554 caucia
942 1511 1077 1555 morem:

224 1573 269 1638 Ei
290 1574 366 1638 deus
389 1578 422 1639 et
443 1573 539 1640 durus
560 1575 784 1659 vertituripse
806 1574 883 1640 dies.

183 1657 255 1723 Hoc
275 1657 336 1722 tibi
357 1657 408 1722 vel
428 1658 562 1742 poterii,
585 1658 738 1740 coniunx,
761 1659 928 1740 ignoscere
949 1657 1046 1723 Iuno:

224 1741 397 1826 Frangitur
418 1745 451 1806 et
471 1741 566 1825 Iuno,
589 1743 680 1825 siqua
700 1741 808 1824 puella
827 1742 920 1824 perit.

523 1870 675 1882 ,σι-..ο-

545 1955 657 2031 XXV.

184 2080 344 2146 Defioiunh
364 2081 489 2166 magico
511 2081 588 2144 torti
611 2081 669 2144 sub
692 2080 831 2148 carmine
852 2079 994 2163 rhombi,
1045 2091 1078 2141 35

225 2165 269 2230 Et
290 2166 373 2230 iacet
394 2166 534 2230 extincto
557 2165 663 2230 laurus
685 2165 799 2230 adusta
819 2165 906 2250 socc,

184 2248 228 2314 Et
248 2251 313 2318 iam
334 2249 426 2314 Luna
446 2251 545 2334 negat
565 2251 685 2314 totiens
707 2249 896 2316 descendere
918 2249 1023 2333 caelo,

225 2332 390 2431 Nigraque
411 2333 574 2399 funestum
597 2335 739 2398 concinit
760 2355 855 2398 omen
876 2335 952 2398 avia.

157 2415 261 2482 oVna
281 2421 358 2482 rahs
379 2418 586 2482 adnostros
607 2417 749 2501 portabit
770 2438 894 2481 amores

227 2501 362 2568 Caerula
383 2502 423 2566 ad
444 2502 588 2566 infernos
609 2501 766 2566 velificata
786 2501 882 2566 lacus.
1046 2514 1080 2562 ro

186 2585 218 2650 si
240 2608 307 2650 non
327 2587 438 2670 unius,
461 2607 593 2671 quaeso,
615 2586 764 2650 miserere
785 2585 927 2650 duorum.

226 2669 357 2754 Vivam,
380 2671 406 2734 si
428 2671 528 2736 rivet:
551 2671 578 2734 si
600 2671 691 2736 cadet
711 2670 782 2754 illa,
805 2669 926 2735 cadam.

185 2753 247 2820 Pro
270 2755 384 2839 quibus
406 2756 524 2839 optatis
547 2777 637 2819 sacro
658 2777 710 2819 me
732 2755 871 2820 carmine
893 2753 1023 2818 damno:

1 2907 2 2912 γ
137 2849 171 2900 10
226 2837 370 2906 Scribam
385 2860 445 2924 ego
468 2847 542 2986 ‘Xer
556 2861 709 2936 magnum
724 2839 810 2902 salva
823 2837 929 2922 puella
942 2837 1051 2902 Iovem
1057 2845 1079 2921 3’

1 2933 2 2940 ’
186 2923 272 2988 Ande
286 2927 422 3008 tuosque
437 2944 476 3008 pe
500 2943 533 2986 ea
547 2922 603 2986 illa
617 2944 688 3006 1psa
702 2922 852 3005 adoperta
867 2921 1003 3006 sedebit,
1046 2933 1079 2982 ro

226 3007 440 3092 Narrabihque
462 3007 575 3072 sedens
597 3007 694 3090 longa
715 3005 834 3088 pericla
855 3025 921 3068 sua.

526 3138 678 3148 ...ρ-..-

535 3221 666 3294 XXVI.

185 3343 275 3410 Haec
289 3348 354 3429 tua,
368 3344 582 3429 Persephone,
596 3346 725 3407 maneat
739 3342 917 3425 clementia,
929 3363 988 3406 nec
1001 3346 1047 3426 tu,

228 3429 452 3514 Persephonae
474 3429 626 3512 coniunx,
649 3426 772 3492 saevior
793 3447 862 3490 esse
883 3426 972 3491 velis.

185 3514 270 3582 Sunt
291 3514 376 3599 apud
396 3513 539 3580 infernos
561 3511 721 3578 tormina
742 3511 968 3576 formosarum:
