2666 4138
24 291 32 311 ι
114 221 163 294 n]
513 217 672 274 amnui

24 313 27 346 l

116 381 166 445 Tu
188 383 301 444 tamen
324 378 484 444 abstineas
507 379 593 443 aliis:
615 401 691 443 narn
714 382 818 445 cetera
840 384 948 446 cernet
1048 429 1054 440 ..

162 464 294 528 Omnia:
318 463 357 526 de
378 467 430 528 me
451 483 515 527 uno
538 463 653 527 sentiet
674 464 728 528 ille
749 464 840 529 nihil.

118 548 204 624 Quid
227 545 376 612 credam?
398 567 513 629 nempe
534 545 613 610 haee
629 547 739 612 eadem
754 570 788 612 se
803 549 884 613 dixit
899 569 1023 614 amores

24 701 26 716 ‚
163 631 317 697 Cantibus
340 632 395 694 aut
415 631 522 694 herbis
545 631 667 696 solvere
688 653 783 716 posse
804 653 907 718 meos,
1053 645 1087 696 60

117 716 164 781 Et
185 737 237 780 me
259 714 407 780 lustravit
427 714 529 778 taedis
535 762 545 797 ,
568 718 601 778 et
621 721 716 793 noete
738 738 849 781 serena

163 798 314 865 Oonoidit
335 798 376 862 ad
397 798 540 883 magicos
560 796 667 864 hostie
687 800 776 884 pulla
797 801 883 866 deos.

119 883 197 951 Non
220 903 280 968 ego
302 885 390 946 totus
413 881 537 946 abesset
559 903 662 966 amor,
685 884 741 948 sed
761 887 890 949 mutuus
913 887 1011 967 esset,

164 967 317 1048 Orabam,
339 987 400 1030 nee
420 968 453 1030 te
474 987 569 1050 posse
592 987 698 1031 oarere
720 968 825 1034 velim.

119 1052 254 1116 Ferreus
276 1051 330 1114 ille
351 1050 428 1131 fuit,
452 1049 506 1133 qui
527 1053 560 1114 te
581 1071 655 1115 eum
675 1055 785 1135 posset
805 1051 937 1136 habere,
1052 1062 1086 1114 65

162 1132 313 1199 Maluerit
334 1133 467 1218 praedas
490 1135 605 1198 stultus
627 1137 661 1198 et
681 1149 771 1199 arma
792 1137 896 1220 sequi.¹
987 1211 989 1218 Ι

120 1219 181 1284 Ille
203 1219 280 1283 lieet
302 1216 438 1283 Oilieum
459 1218 560 1282 victas
582 1222 658 1315 agat
680 1222 754 1284 ante
776 1223 932 1304 catervas,

163 1303 270 1370 Ponat
292 1303 379 1366 etin
401 1304 494 1386 capto
517 1301 635 1366 Mart1a
657 1307 762 1368 eastra
783 1305 867 1388 solo,

120 1387 221 1452 Totus
244 1389 277 1450 et
298 1389 431 1470 argento
455 1387 637 1470 oontextus,
659 1391 745 1452 totus
768 1391 801 1452 et
821 1409 913 1471 auro,

161 1470 307 1535 Insideat
327 1471 421 1534 celeri
444 1470 686 1554 conspiciendus
709 1493 725 1536 e
748 1493 805 1555 uo,
1053 1483 1086 1534 το

119 1555 195 1639 Ipse
216 1555 315 1620 boves
336 1575 408 1618 mea
429 1554 457 1617 si
478 1557 584 1620 tecum
606 1555 700 1620 modo
724 1493 817 1620 delia
837 1557 959 1640 possim

162 1639 300 1724 Iungere
322 1641 355 1703 et
375 1638 411 1701 in
433 1639 529 1702 solito
550 1661 679 1722 pascere
700 1643 810 1704 monte
831 1661 943 1722 peous:

120 1723 164 1788 Et
185 1727 219 1788 te
241 1723 317 1786 dum
338 1723 433 1786 liceat
453 1723 571 1786 teneris
592 1723 728 1787 retinere
750 1723 891 1805 lacertis,

166 1807 276 1870 Mollis
299 1809 332 1870 et
351 1805 473 1870 inculta
494 1805 537 1870 sit
557 1806 637 1870 mihi
659 1827 789 1870 somnus
810 1805 917 1870 humo.

121 1889 1085 1992 mmmmmmmmffl

162 1973 313 2057 Prodest,
335 1985 407 2038 eum
428 1974 505 2038 fletu
526 1995 591 2038 nox
612 1973 775 2058 vigilanda
796 1973 905 2037 venit?
1033 1993 1034 2006 ¹

109 2059 207 2126 'Nam
217 2079 320 2141 neque
334 2060 403 2122 tum
413 2059 541 2141 plumae
552 2078 612 2122 neo
623 2058 767 2142 stragula
776 2057 864 2141 pieta
875 2077 1022 2141 soporem

162 2141 234 2208 Neo
255 2143 378 2206 sonitus
401 2141 544 2226 placidae
567 2139 680 2208 duoere
701 2144 811 2226 posset
833 2163 941 2226 aquae.
1027 2147 1030 2212 l

120 2227 209 2292 Num
231 2223 365 2291 Veneris
387 2247 523 2310 magnae
544 2226 662 2290 violavi
683 2226 815 2290 numina
837 2226 950 2310 verbo,

162 2311 207 2376 Et
227 2331 300 2374 mea
319 2330 405 2374 nune
427 2330 547 2394 poenas
568 2311 657 2393 inpia
678 2309 788 2395 lingua
809 2309 891 2373 luit?
1051 2321 1086 2370 80

120 2394 208 2462 Num
230 2395 315 2459 feror
336 2395 476 2459 incestus
498 2392 588 2458 sedes
614 2393 729 2458 adiisse
752 2394 883 2457 deorum
954 2431 956 2438 ι

164 2477 317 2562 Sertaque
338 2477 377 2542 de
399 2478 528 2542 sanetis·
541 2477 716 2561 deripuisse
737 2476 840 2541 foeis‘?

120 2563 197 2630 Non
220 2585 237 2627 e
261 2585 296 2646 o,
318 2563 346 2626 si
366 2562 483 2644 merui,
506 2561 648 2626 dubitem
669 2561 876 2659 procumbere
898 2561 1026 2646 templis

162 2647 208 2711 Et
229 2585 303 2712 dare
325 2647 456 2711 sacratis
479 2645 587 2711 oscula
608 2645 787 2730 liminibus,

121 2730 198 2798 Non
221 2751 281 2816 ego
302 2731 453 2796 tellurem
471 2730 606 2814 genibus
628 2751 794 2814 perrepere
817 2728 952 2813 supplex
1027 2787 1030 2790 .

159 2815 208 2880 ‘Et
228 2815 379 2880 miserum
401 2817 512 2879 saneto
534 2813 667 2879 tundere
688 2817 781 2898 poste
803 2817 907 2898 eaput.

84 2899 103 2973 fl
121 2900 168 2964 At
187 2903 239 2983 tu,
262 2900 315 2983 qui
337 2899 439 2964 laetus
461 2898 546 2962 rides
568 2898 652 2962 mala
672 2901 798 2980 nostre,
822 2901 932 2962 caveto
1018 2881 1088 2958 ΓΡ
1146 2887 1196 2966 Γ““,’

24 3059 25 3064 ¹
162 2983 241 3048 Mox
261 2983 336 3048 tibi:
357 3004 425 3048 non
445 2982 503 3047 uni
524 2982 644 3046 saeviet
664 3003 764 3066 usque
786 2981 872 3046 deus.

78 3045 102 3239 l
120 3065 279 3216 les
295 3087 690 3216 s
713 3065 1011 3214 llfllllntlll’
1051 3157 1085 3207 l

95 3189 165 3306 int
186 3235 248 3299 sibi
269 3235 442 3300 blanditias
464 3235 601 3298 tremula
622 3251 802 3316 conponere
824 3249 901 3296 voce

162 3318 207 3384 Et
228 3319 376 3384 manibus
399 3339 493 3384 osnes
514 3319 635 3402 fingere
656 3315 738 3380 velle
760 3335 882 3379 eomas:

98 3449 103 3472 .
120 3401 213 3468 Stare
235 3423 296 3466 neo
317 3405 390 3466 ante
411 3403 496 3468 fores
518 3401 633 3484 puduit
654 3420 784 3464 caraeve
806 3398 930 3484 puellae

80 3471 104 3594 ji
128 3545 130 3550 .
161 3487 326 3552 Ancillam
346 3487 451 3552 medio
475 3485 647 3551 detinuisse
668 3483 748 3552 for0.
