2630 4110
443 172 659 230 PRAEFATIO.
964 187 1040 236 XVII

145 339 192 413 24,
207 339 226 398 4
241 339 343 400 Midae
357 338 490 414 Vossius,
507 341 555 400 Mi
569 338 608 400 V.

145 424 227 498 25,2
248 425 357 484 orlulla
379 423 519 501 Scaliger,
541 425 683 486 moricida
697 421 740 501 Ἲς
763 425 800 485 of.
822 428 853 486 et
866 427 1043 488 Buecheleri

89 506 274 566 Coniectanea
295 507 402 567 Latina
430 504 501 587 [ind.
526 510 616 570 schol.
636 510 752 569 hibern.
775 509 993 587 Gryphiswald
1015 533 1040 572 a.

90 587 267 670 raas-69]
284 611 334 668 pg.
351 594 399 650 16.
430 593 614 669 Quamquam
629 593 654 653 is
669 593 788 654 videtur
801 596 951 672 praeferre
965 596 1042 655 illud

88 679 222 736 curiata.

142 759 180 818 ib.
197 760 215 819 5
230 759 547 835 muneraricsbachm,
560 764 665 822 mulier
676 780 742 822 coes
752 763 801 822 vel
817 764 926 824 similia
942 764 1038 840 codd.;

88 844 120 902 cf.
137 844 279 904 Schwabii
295 846 394 903 annot.

145 929 192 1002 26,
212 931 228 986 1
250 933 367 999 aedem·
386 934 483 988 costra
497 929 583 1002 Itali,
601 929 788 1006 Schwabius,
803 931 873 991 fort.
889 934 985 1007 recte,
1003 933 1040 994 cl.

87 1011 168 1072 huius
183 1015 296 1088 quaest.
313 1011 421 1071 Catull.
437 1033 488 1089 pg.
507 1014 577 1072 152.

144 1098 191 1169 27,
207 1098 227 1154 4
243 1097 355 1156 ebriosa
369 1099 457 1156 acina
468 1098 649 1168 obtusiora·
664 1098 701 1156 cf.
717 1098 746 1158 d.
762 1118 786 1157 r.
803 1117 845 1160 m,
861 1100 931 1158 279.

145 1181 192 1254 29,
209 1182 228 1239 5
250 1183 367 1241 macedo
380 1181 503 1240 Romule
516 1181 586 1241 baec
600 1183 707 1244 videbis
721 1187 747 1242 ct
761 1182 858 1254 seres?
878 1181 953 1242 Post
967 1182 1044 1244 hunc

87 1283 198 1324 versum
218 1283 286 1324 cum
306 1265 473 1325 rectissimo
493 1265 603 1324 iudicio
628 1268 674 1326 usi
700 1266 883 1326 addidissent
907 1267 1059 1343 pleriqua'

89 1351 148 1406 ante
162 1349 282 1408 Lachm.
303 1349 398 1408 critici
418 1349 471 1408 illa
491 1367 521 1409 es
535 1351 699 1424 impudicus
714 1357 740 1411 et
754 1356 884 1412 voraret
898 1352 968 1421 alec,
984 1352 1057 1413 iarn,

87 1437 148 1506 post
161 1453 272 1492 annum
289 1435 368 1494 1829
383 1434 454 1492 haec
468 1433 559 1493 verba
573 1436 610 1494 ab
626 1437 763 1496 omnibus
778 1435 959 1495 editionibus
975 1455 1043 1494 exu-

88 1515 152 1574 lant.
180 1517 276 1594 Atqui
296 1537 343 1576 me
364 1517 484 1594 quidem
505 1517 531 1578 si
546 1517 661 1593 audies,
683 1523 735 1579 aut
750 1517 885 1580 Catullus
902 1520 983 1579 omni
998 1539 1043 1578 ra-

87 1601 160 1660 tione
175 1605 205 1660 et
219 1601 343 1662 oonsilio
359 1602 462 1674 caruit,
479 1605 531 1661 aut
544 1603 681 1662 trimeter
695 1604 752 1664 iste
769 1623 803 1664 eo
818 1605 894 1677 loco,
910 1623 969 1680 quo
984 1604 1044 1665 iam

88 1686 275 1759 reposuimus,
297 1685 357 1745 fuit
371 1686 531 1760 addendus,
553 1688 601 1747 vel
616 1691 718 1746 contra
731 1689 879 1747 librorum
894 1687 992 1760 fidem,
1009 1706 1043 1747 ex

88 1770 184 1843 quibus
202 1769 373 1828 mehercule
399 1771 514 1828 nullam
537 1771 627 1829 aliam
646 1773 684 1831 ob
704 1789 821 1830 causam
843 1771 966 1844 excidit,
986 1772 1045 1830 nisi

88 1853 158 1926 quod
179 1857 213 1913 ut
232 1853 283 1912 hic
302 1871 406 1914 versus
427 1855 463 1913 ab
485 1857 526 1914 est
546 1855 642 1914 literis
663 1855 707 1912 ita
721 1855 874 1930 proximus
888 1853 994 1929 incipit
1008 1855 1045 1912 ab

88 1939 127 1995 cti.
155 1937 231 1997 Nam
248 1938 301 2014 qui
320 1939 464 2014 inprime
481 1939 611 1996 carmine
625 1940 751 2015 negarat
765 1936 899 1998 Caesaris
914 1937 1046 1996 facinora

89 2039 259 2098 quemquam
273 2041 359 2098 posse
378 2022 529 2098 adspicere
550 2022 650 2098 aequis
666 2023 767 2097 oculis,
790 2023 848 2082 nisi
862 2023 1045 2098 impudicum

88 2106 115 2162 et
132 2125 269 2166 voracem
290 2109 321 2165 et
340 2107 489 2180 alconem,
511 2125 579 2165 eum
599 2107 718 2182 putabis
739 2107 824 2183 quasi
837 2125 892 2183 per
907 2126 1045 2182 soporem

87 2189 174 2250 tribus
187 2191 344 2250 versiculis
363 2191 528 2250 interiectis
543 2191 603 2248 iam
624 2192 751 2250 oblitum
766 2190 950 2266 quodmodo
966 2192 1045 2250 dixe·

87 2276 129 2332 rat
147 2277 176 2334 et
195 2293 303 2334 rursus
323 2276 407 2350 quasi
428 2278 632 2350 experrectum
653 2277 794 2335 e'somno
808 2275 909 2336 versui
931 2275 1045 2336 decimo

87 2357 192 2418 adicere
213 2359 246 2418 id
269 2359 348 2434 quod
369 2359 421 2418 ant
440 2361 566 2434 utroque
586 2361 651 2419 loco
673 2359 741 2418 addi
761 2359 895 2436 oportuit
910 2362 961 2418 aut
974 2379 1046 2418 neu·

87 2441 149 2500 tro?
176 2443 351 2518 Numquam
372 2443 540 2502 mehercule
560 2445 659 2503 motus
681 2446 759 2504 esset
778 2445 844 2504 loco
865 2461 968 2503 versus
983 2443 1045 2517 ille,

87 2525 137 2584 nisi
150 2525 334 2586 Lachmanni
349 2527 515 2588 obstitisset
529 2527 697 2588 auctoritas.
728 2527 869 2588 Ceterum
884 2545 973 2602 quam
988 2527 1047 2585 fre-

87 2627 172 2683 quens
192 2613 234 2672 sit
257 2609 392 2671 Catullus
412 2611 582 2687 repetendis
601 2612 634 2671 in
658 2612 750 2672 simili
776 2611 925 2672 sententia
950 2610 1047 2670 isdem

87 2695 214 2756 versibus
229 2696 343 2754 nemini
359 2696 505 2773 ignotum.

142 2779 181 2838 ib.
198 2783 217 2841 8
233 2785 288 2840 act
301 2778 441 2841 Adoneus
455 2780 578 2855 Statius,
594 2785 647 2842 cat
666 2781 788 2840 idoneus
807 2779 887 2852 libri,
911 2779 962 2838 alii
977 2779 1049 2840 baut

87 2861 208 2924 wacca.

126 2948 180 3006 ib.
198 2950 239 3008 13
260 2953 373 3020 vestrm
393 2946 429 3008 de
443 2949 681 3025 pronominibus,
703 2967 779 3025 quae
796 2950 866 3008 sunt
879 2965 938 3016 cos,
958 2952 1049 3006 cester

85 3031 183 3102 positis
198 3051 256 3108 pro
271 3037 312 3102 tu,
327 3037 405 3102 tuus,
421 3033 497 3092 dixit
505 3033 677 3093 Schwabius
691 3033 724 3091 in
738 3034 851 3108 quaest.
861 3029 925 3091 Cat.
936 3031 994 3088 lot
1003 3050 1047 3106 sq.

84 3111 141 3172 Neo
160 3117 243 3176 solus
266 3115 402 3176 Catullus
421 3118 534 3178 amavit
553 3117 632 3176 hunc
653 3136 741 3176 usum
760 3114 911 3190 loquendi.
938 3147 980 3156 -
1005 3115 1047 3177 ib.
1146 3185 1147 3188 Ἴ

85 3197 211 3269 defututa
222 3199 441 3274 Lachmannus,
457 3201 602 3274 diffutura
612 3199 650 3259 V.
665 3231 707 3243 -
722 3199 866 3268 Mentula,
881 3199 918 3258 of.
932 3199 1048 3260 Schwa-

87 3279 124 3339 bii
137 3287 252 3358 quaest.
269 3283 334 3344 Cat.
350 3303 400 3362 pg.
417 3287 477 3344 227
494 3305 558 3361 sqq.

142 3367 181 3426 ib.
199 3371 250 3428 20.
273 3368 362 3427 Hunc
380 3387 409 3430 v.
431 3371 506 3444 quot
526 3367 702 3428 coniecturis
722 3368 937 3444 temptaverint
959 3367 1046 3440 docti,

85 3449 179 3512 videre
193 3453 317 3530 poterit,
334 3454 380 3512 cui
394 3453 521 3528 vacabit,
538 3453 617 3530 apud
627 3452 814 3514 Schwabium
829 3454 879 3514 vel
892 3451 1048 3527 Ellisium3
