2632 4140
99 229 169 301 1111]
499 227 607 281 arnan
628 229 649 282 1.

141 389 187 454 Vt
208 365 298 455 meus
320 389 421 453 'oblito
443 390 549 474 pulvis
571 409 678 454 amore
699 393 800 455 vacet.

99 474 171 540 Illic
193 472 383 556 Phylacides
405 473 559 538 incundae
582 475 727 559 coniugis
748 474 842 539 heros

1 617 2 634 ,
106 579 110 591 ·
142 557 219 624 Non
240 557 346 642 potuit
368 559 469 622 caecis
490 559 648 624 inmemor
668 580 736 624 esse
759 559 853 642 locis,

1 667 2 702 1
101 642 163 708 Sed
187 641 320 726 cupidus
342 641 433 706 falsis
456 643 614 728 attingere
635 643 752 728 gaudia
772 644 888 728 palmis

143 720 313 791 Thessalis
327 725 490 810 antiquam
511 729 643 794 venerat
663 727 776 790 umbra
798 727 935 792 domum.
997 754 998 761 ¹
1029 740 1062 813 10

1 883 9 898 „
101 810 174 875 Illic
197 810 347 894 quicquid
370 831 434 894 erc,
457 832 582 896 semper
602 814 658 874 tua
679 811 765 876 dicar
787 811 908 896 imago:

143 893 264 958 Traicit
285 897 318 958 91
338 895 397 958 fati
417 895 526 958 littora
546 917 682 980 magnus
705 917 802 960 amor.

100 977 172 1044 Illic
194 979 354 1043 formosae
375 980 506 1042 veniant
527 978 642 1043 chorus
663 979 830 1063 heroinae,

143 1062 229 1138 Quas
251 1063 339 1126 dedit
359 1063 489 1148 Argivis
511 1062 661 1128 Dardana
704 1063 801 1128 raeda
821 1065 912 1148 viris3

99 1147 239 1223 Quarum
260 1147 350 1211 nulla
370 1149 426 1228 tua
447 1147 545 1211 fuerit
565 1147 661 1230 mihi,
681 1085 836 1232 dynthia,
858 1149 963 1212 forma
1029 1159 1060 1208 15

144 1231 272 1296 Gratior
293 1234 327 1296 91
346 1230 454 1295 Tellus
475 1231 537 1296 hoc
557 1231 603 1295 ita
623 1229 708 1296 iusta
729 1231 821 1296 sinat.
1056 1255 1058 1258 ·

97 1315 278 1398 †Quamvis
300 1319 333 1378 19
354 1315 470 1400 longae
491 1319 690 1380 remorentur
711 1315 780 1379 fata
801 1319 962 1400 senectae,

141 1398 252 1480 thra
272 1401 380 1464 tamen
402 1397 541 1464 lacrimis
564 1421 637 1464 ossa
657 1401 765 1466 lutura
785 1403 874 1466 meis.

97 1483 213 1565 †Quae
235 1486 271 1546 tu
292 1484 364 1548 riva
384 1505 455 1548 mea
476 1485 580 1568 possis
602 1485 720 1550 sentire
741 1483 865 1550 favilla!

1 1623 2 1626 ,
141 1567 249 1648 †'Pum
270 1567 350 1632 milri
371 1590 438 1632 non
459 1569 525 1633 ullo
548 1589 634 1633 mors
656 1569 699 1632 sit
720 1591 826 1634 amara
848 1570 929 1634 loco.
1027 1584 1061 1632 ao

1 1658 2 1692 l
101 1650 203 1726 Quam
225 1673 348 1736 vereor,
371 1673 413 1716 ne
433 1656 466 1716 19
489 1655 687 1736 contempto,
711 1652 864 1736 Cynthia,
886 1653 981 1718 busto

142 1735 319 1799 Abstrahat
339 1758 358 1798 a
378 1739 490 1802 nostro
511 1735 641 1820 pulvere
662 1735 790 1820 iniquus
811 1737 928 1820 Amor,

1 1856 2 1859 ¹
100 1817 148 1884 Oe
173 1822 205 1883 at
227 1822 259 1884 et
279 1819 413 1884 invitam
434 1820 583 1886 lacrimas
606 1819 724 1884 siccare
747 1819 904 1884 cadentes.

1 1905 16 1988 J
142 1840 297 1968 8199111111
318 1903 458 1968 adsiduis
481 1906 567 1968 certa
587 1903 695 1988 puella
715 1903 821 1970 minis.

100 1986 219 2070 Quare,
243 1987 318 2052 dum
339 1988 429 2072 licet,
451 1989 595 2052 internos
617 1988 770 2052 laetemur
791 1991 949 2052 amantesr
1027 2000 1061 2050 ao

93 2119 94 2122 ,
142 2069 219 2136 Non
241 2071 317 2134 satis
341 2075 390 2136 est
410 2073 477 2136 ullo
499 2075 643 2156 tempore
665 2073 781 2158 longus
804 2093 900 2137 amor.

506 2211 655 2224 .-

544 2288 622 2362 ΧΧ.

98 2407 173 2472 Hoc
194 2429 253 2492 pro
275 2409 427 2474 continuo
449 2412 497 2492 te,
522 2409 627 2490 Galle,
650 2430 816 2474 monemus
838 2429 960 2494 amore,

142 2491 180 2556 Id
201 2493 322 2557 tibine
343 2514 443 2558 vacuo
466 2493 583 2558 defluat
604 2515 643 2557 ex
664 2493 786 2558 animo:

10 2634 11 2638 ,
99 2575 200 2659 Saepe
222 2575 406 2660 imprudenti
426 2576 557 2642 fortuna
577 2579 717 2642 occurrit
738 2579 867 2644 amanti.

1 2716 2 2732 2
143 2659 288 2724 Crudelis
310 2661 430 2744 Minyis
452 2661 568 2726 dixerit
588 2661 755 2728 Ascanius.

1 2790 2 2830 1
97 2743 160 2808 Est
180 2744 241 2808 tibi
261 2765 329 2808 non
349 2745 434 2809 infra
456 2746 610 2829 speciem,
632 2768 700 2813 non
720 2747 851 2812 nomine
873 2747 980 2832 dispar
1042 2759 1060 2809 o

142 2827 393 2892 Thiodamanteo
415 2829 579 2913 proximus
600 2830 694 2895 ardor
715 2829 834 2914 Hylae:
977 2909 979 2912 ¹

97 2909 184 2976 Huic
205 2915 256 2995 tu,
279 2913 345 2976 sive
366 2913 454 2998 leges
475 2913 644 2978 umbrosae
664 2913 797 2978 flumina
819 2913 919 2998 Silae,

141 2995 214 3060 8119
235 2997 362 3060 Aniena
381 2999 455 3061 tuos
476 2997 608 3061 tinxerit
628 2996 714 3078 unda
734 2997 846 3081 pedes,

1 3121 2 3161 3
97 3078 172 3145 8119
195 3079 353 3164 Gigantea
375 3080 552 3164 spatiabere
574 3080 678 3146 litoris
700 3101 772 3160 ora,

143 3162 215 3228 Sive
235 3163 426 3248 ubicumque
447 3186 529 3250 vago
550 3165 691 3228 fluminis
712 3163 868 3248 hospitio,
1028 3179 1061 3231 10
1088 3203 1089 3207 =

94 3246 323 3330 Nympharum
342 3269 467 3332 semper
489 3248 618 3332 cupidas
639 3247 773 3312 defende
794 3249 922 3332 rapinas
961 3287 965 3294 2

142 3329 231 3414 (Non
252 3332 358 3396 minor
378 3331 531 3396 Ausoniis
554 3333 603 3396 est
623 3351 713 3394 amor
733 3331 922 3420 Adryasin),

93 3413 148 3482 Ne
170 3413 231 3479 libi
253 3415 304 3498 sit,
328 3415 456 3498 durum,
477 3417 604 3479 montes
626 3417 659 3478 et
679 3413 906 3499 frigidasaxa,

140 3497 248 3583 Galle,
270 3520 374 3584 neque
396 3502 543 3584 expertos
565 3519 689 3583 semper
710 3497 796 3564 adire
817 3501 921 3585 lacus,

874 3602 907 3654 2*
