2664 4134
523 246 736 306 PRAEFATIO.
1033 259 1105 308 XLV

133 416 348 475 concurrerent
369 414 572 490 ingratissimo
593 417 625 474 in
645 417 738 475 lstina
757 434 830 477 voce
851 433 923 477 sono
939 417 1038 477 dixere
1052 418 1102 478 Pa-

134 498 240 558 cuvius
262 501 294 557 et
307 496 403 556 Varro
426 499 531 569 bonon
551 500 686 575 plerique
707 503 807 560 antem
831 504 987 576 poctarum
1012 504 1104 562 absti-

133 601 229 642 nuere
250 601 285 641 eo
305 583 397 643 verbo
417 583 501 642 velut
515 583 657 643 Horatius
680 587 732 643 aut
751 585 902 646 rarissime
923 603 957 644 ac
970 587 1021 645 vix
1040 607 1103 646 um-

133 685 226 744 quam
241 666 401 725 adhibuere
417 669 452 725 nt
462 666 553 740 Naso,
569 669 699 743 exceptis
714 667 757 728 eis
772 669 824 745 qui
838 670 991 745 antiquam
1006 671 1103 746 gravi·

133 753 230 810 tatem
246 749 386 810 affectant
399 753 472 826 puta
486 750 626 811 Lucretio
639 751 776 828 Vergilio
792 751 911 812 Catullo
925 753 958 812 in
971 753 1048 813 Atti.

199 835 240 893 ib.
257 836 296 893 31
313 839 444 910 conpecto
458 834 497 908 N,
512 835 593 910 quod
607 835 720 909 reduxi,
736 835 774 896 ef.
789 835 893 895 Burm.

199 919 241 977 ib.
258 920 297 978 36
312 923 441 992 succepto
455 919 476 976 l.
493 922 554 993 opt.
570 921 605 978 ut
619 939 666 995 cp.
682 919 747 979 (tas.
765 920 815 994 64,
833 919 894 980 104
908 924 1040 996 succepit.
1099 917 1102 924 ¹

200 1002 242 1062 ib.
258 1003 301 1061 40
320 1007 420 1063 vacce
438 1001 523 1076 Itali,
546 1003 583 1061 ef.
599 1003 645 1077 Π,
664 1005 712 1077 10,
729 1005 786 1079 21;
809 1003 864 1064 Or.
881 1008 953 1065 met.
968 1005 1008 1080 H,
1028 1007 1102 1082 1943
1191 999 1193 1002 ¹

132 1091 221 1147 cotos
234 1085 272 1158 N,
289 1092 377 1146 omas
390 1106 420 1146 r.

199 1170 242 1230 ib.
258 1170 308 1228 42.
330 1170 419 1229 Hunc
432 1191 461 1230 v.
477 1190 495 1228 a
508 1169 666 1246 Propertio
681 1171 862 1234 abiudicavit
877 1173 1020 1250 Scaliger.
1050 1173 1105 1234 Oe·

134 1258 237 1315 torum
251 1255 284 1313 in
298 1253 328 1312 N
342 1254 466 1330 aliisque
482 1253 546 1314 cdd.
562 1257 622 1332 leg.
638 1256 714 1314 illud
728 1259 840 1332 occipit,
856 1259 891 1316 nt
904 1257 995 1316 etiam
1009 1259 1105 1334 magis

134 1341 280 1415 appareat
290 1357 358 1397 eum
369 1356 406 1398 ex
415 1338 557 1402 inferiore
568 1340 634 1399 loeo
642 1335 682 1418 [v.
691 1335 743 1419 66]
755 1341 813 1400 hnc
824 1341 989 1417 supplenda
1001 1342 1106 1400 lacuna

134 1423 322 1484 arcessitum.

200 1507 242 1565 ib.
258 1507 299 1565 45
314 1508 446 1580 aliquam
463 1506 499 1581 6,
514 1508 640 1582 alipoem
653 1508 692 1568 N.

201 1592 243 1650 ib.
261 1591 300 1650 68
315 1592 421 1665 inquid
433 1591 472 1666 N,
487 1593 584 1666 inquit
596 1591 677 1650 idem
691 1593 747 1667 III,
765 1593 815 1668 29,
831 1595 861 1654 8.

200 1675 241 1734 ib.
259 1675 299 1734 73
314 1676 382 1734 liuto
395 1675 616 1735 Luctiohonncs
630 1695 682 1752 pg.
700 1679 749 1750 18,
764 1677 843 1738 turso
855 1697 884 1738 v.

200 1757 240 1832 V,
258 1761 312 1832 10,
332 1761 371 1819 18
391 1761 443 1832 qut
460 1761 527 1818 tulit
547 1777 562 1818 e
580 1777 675 1834 paruo
692 1761 805 1836 fripe‘du
829 1767 926 1823 costra
946 1763 1015 1824 lure.
1057 1762 1106 1824 sie

134 1841 354 1902 emendandam
374 1843 542 1903 existimavi
567 1843 745 1918 scripturam
764 1845 834 1904 libri
860 1846 965 1921 optimi
985 1865 1106 1920 superea·

136 1948 167 1988 v.
183 1929 297 2002 apice,
318 1927 398 2002 quod
417 1927 489 2002 quid
509 1927 566 1987 sibi
585 1927 678 1987 vellet
691 1947 779 1987 nemo
794 1929 946 2004 expedivit
959 1931 1105 2006 interpre-

136 2016 214 2084 tum,
236 2029 415 2086 quamquam
435 2011 585 2086 plerisque
605 2011 677 2070 adeo
697 2011 793 2072 facilis
814 2013 879 2072 visa
893 2014 1027 2089 quaestio
1042 2015 1104 2087 ills,

134 2096 217 2155 sicco
237 2095 327 2170 peda,
348 2094 428 2171 quod
448 2095 570 2168 dieitur,
591 2098 626 2154 ut
646 2095 818 2156 omnent.
847 2095 965 2158 Passus
986 2092 1053 2160 Lar
1071 2101 1106 2158 ut

138 2179 214 2239 alibi
229 2184 323 2249 artus,
338 2183 491 2254 musmo

202 2265 245 2322 ib.
257 2264 299 2323 20
313 2269 339 2323 et
350 2264 436 2339 polea
448 2265 563 2324 hirsuta
577 2269 690 2338 compta
704 2265 809 2339 opina
822 2267 903 2326 tuba.
932 2265 980 2326 Ita
993 2267 1106 2343 optima

137 2348 322 2420 membrana,
337 2365 392 2407 nec
406 2348 472 2408 soni
486 2349 585 2423 legem
595 2348 641 2408 his
652 2343 758 2408 violari
770 2349 1106 2410 demonstravitBroulr-

136 2431 252 2491 husius.
283 2431 333 2490 Sic
351 2451 441 2507 snpra
463 2427 593 2510 [1,138]
616 2437 642 2491 ct
661 2430 781 2492 Veneris
794 2436 898 2506 pueris
918 2435 999 2494 utiles
1019 2435 1107 2496 tostis

136 2518 206 2576 eris.
228 2515 266 2575 In
280 2513 307 2574 0
321 2516 556 2576 9861608068-
570 2516 657 2585 iubis,
672 2517 760 2591 atque
774 2516 818 2575 its
831 2537 859 2578 v.

203 2599 244 2659 ib.
261 2600 301 2657 27
321 2600 377 2659 teu
389 2599 611 2660 Luetiohanncs
631 2619 681 2675 pg.
698 2601 732 2674 6,
754 2599 821 2690 ςΝ,
842 2619 859 2661 o
873 2599 910 2662 0.
930 2631 974 2646 -
992 2601 1034 2663 ib.
1057 2601 1108 2664 Vei

138 2684 257 2760 scripsi,
279 2681 341 2744 Veii
354 2683 393 2757 N,
414 2683 484 2743 Voti
498 2683 534 2744 0.

204 2768 246 2826 ib.
262 2769 313 2827 39.
334 2768 505 2827 Eridanum
519 2767 654 2843 Gnietus,
670 2789 690 2830 a
703 2769 804 2830 Rieu
817 2788 848 2831 v.

204 2852 246 2910 ib.
262 2853 305 2912 40
318 2853 366 2912 ceri
380 2851 515 2926 Guietus,
530 2855 549 2910 ἱ·
563 2852 602 2926 N,
618 2871 684 2912 cam
697 2874 727 2912 v.

204 2936 246 2995 ib.
262 2936 313 2994 41.
335 2935 447 3005 Rheso,
463 2935 579 2996 Brenno
593 2937 745 2996 Heinsius.

203 3019 246 3078 ib.
262 3021 302 3078 42
318 3010 455 3090 'fercuta‘
466 3024 550 3080 crecti
560 3020 599 3080 N.

204 3103 246 3162 ie.
261 3105 302 3164 43
322 3105 367 3164 uu
384 3107 515 3180 squas
528 3105 849 3181 metueremus
863 3105 982 3166 uaso
1003 3104 1107 3166 seers-
1172 3173 1183 3188 ,
1222 3161 1225 3168 .

140 3187 241 3262 dorus,
262 3189 306 3248 illi
326 3189 452 3264 usquo
470 3190 628 3250 mutantis
648 3191 810 3268 cbopmino
829 3190 925 3250 bracis
938 3189 968 3249 N
982 3193 1013 3248 et
1027 3191 1108 3250 simi·

141 3271 213 3331 liter
227 3271 263 3346 0,
278 3273 312 3331 in
325 3291 385 3348 quo
400 3273 521 3349 quidem
535 3277 582 3334 est
595 3276 726 3349 cirpctis,
742 3276 780 3334 ub
795 3276 920 3350 aymone,
936 3275 1058 3335 brachie
1103 3310 1113 3330 .

205 3355 242 3430 V,
260 3357 310 3415 11.
334 3354 380 3416 cf.
396 3375 464 3418 ann.
479 3357 552 3432 phil.
568 3377 594 3416 a.
613 3360 694 3418 1866
709 3377 760 3434 pg.
776 3359 837 3418 413
854 3377 918 3434 sqq.
935 3361 995 3419 777
1012 3377 1076 3434 sqq.

203 3441 244 3499 ib.
263 3443 290 3498 1.
320 3439 412 3501 Posuit
435 3461 545 3502 nomen
569 3441 680 3516 ubique
703 3461 758 3518 par
783 3443 911 3519 simplex
935 3444 949 3502 l
968 3443 1109 3504 scribitur

139 3523 174 3583 in
186 3523 224 3598 N,
240 3525 292 3602 qui
307 3527 409 3586 tamen
424 3545 482 3586 om.
498 3547 526 3588 v.
544 3528 582 3586 17
585 3527 677 3586 -76,
