<?xml version="1.0" encoding="UTF-8"?>
<!DOCTYPE html PUBLIC "-//W3C//DTD XHTML 1.0 Transitional//EN"
    "http://www.w3.org/TR/xhtml1/DTD/xhtml1-transitional.dtd">
<html xmlns="http://www.w3.org/1999/xhtml" xml:lang="en" lang="en">
 <head>
  <title>
</title>
<meta http-equiv="Content-Type" content="text/html;charset=utf-8" />
  <meta name='ocr-system' content='tesseract 3.04.00' />
  <meta name='ocr-capabilities' content='ocr_page ocr_carea ocr_par ocr_line ocrx_word'/>
</head>
<body>
  <div class='ocr_page' id='page_1' title='image "./catullitibullip01catugoog_0294.png"; bbox 0 0 2666 4138; ppageno 0'>
   <div class='ocr_carea' id='block_1_1' title="bbox 228 269 1194 344">
    <p class='ocr_par' dir='ltr' id='par_1_1' title="bbox 228 269 1194 344">
     <span class='ocr_line' id='line_1_1' title="bbox 228 269 1194 344; baseline -0.006 -7"><span class='ocrx_word' id='word_1_1' title='bbox 228 270 273 338; x_wconf 82' lang='grc'>34</span> <span class='ocrx_word' id='word_1_2' title='bbox 640 269 785 330; x_wconf 81' lang='lat' dir='ltr'>&#39;l&#39;IBVLLI</span> <span class='ocrx_word' id='word_1_3' title='bbox 1146 271 1194 344; x_wconf 79' lang='lat' dir='ltr'>[V.</span> 
     </span>
    </p>
   </div>
   <div class='ocr_carea' id='block_1_2' title="bbox 231 433 1329 855">
    <p class='ocr_par' dir='ltr' id='par_1_2' title="bbox 231 433 1329 855">
     <span class='ocr_line' id='line_1_2' title="bbox 294 433 1117 519; baseline -0.002 -17"><span class='ocrx_word' id='word_1_4' title='bbox 294 437 380 503; x_wconf 89' lang='lat' dir='ltr'>Nam</span> <span class='ocrx_word' id='word_1_5' title='bbox 401 437 488 501; x_wconf 86' lang='lat' dir='ltr'>ferus</span> <span class='ocrx_word' id='word_1_6' title='bbox 509 435 564 499; x_wconf 89' lang='lat' dir='ltr'>ille</span> <span class='ocrx_word' id='word_1_7' title='bbox 586 455 661 500; x_wconf 84' lang='lat' dir='ltr'>suae</span> <span class='ocrx_word' id='word_1_8' title='bbox 682 434 822 519; x_wconf 73' lang='lat' dir='ltr'><strong>plorabit</strong></span> <span class='ocrx_word' id='word_1_9' title='bbox 843 433 967 500; x_wconf 88' lang='lat' dir='ltr'>sobrius</span> <span class='ocrx_word' id='word_1_10' title='bbox 988 433 1074 500; x_wconf 85' lang='lat' dir='ltr'>idem</span> <span class='ocrx_word' id='word_1_11' title='bbox 1113 440 1117 516; x_wconf 72' lang='grc'>1</span> 
     </span>
     <span class='ocr_line' id='line_1_3' title="bbox 335 518 1116 586; baseline -0.008 0"><span class='ocrx_word' id='word_1_12' title='bbox 335 521 380 586; x_wconf 82' lang='lat' dir='ltr'>Et</span> <span class='ocrx_word' id='word_1_13' title='bbox 400 542 434 585; x_wconf 89' lang='lat' dir='ltr'>se</span> <span class='ocrx_word' id='word_1_14' title='bbox 456 519 573 584; x_wconf 86' lang='lat' dir='ltr'>iurabit</span> <span class='ocrx_word' id='word_1_15' title='bbox 593 521 700 584; x_wconf 88' lang='lat' dir='ltr'>mente</span> <span class='ocrx_word' id='word_1_16' title='bbox 721 518 821 583; x_wconf 85' lang='lat' dir='ltr'>fuisse</span> <span class='ocrx_word' id='word_1_17' title='bbox 841 519 934 582; x_wconf 88' lang='lat' dir='ltr'>mala.</span> <span class='ocrx_word' id='word_1_18' title='bbox 1114 538 1116 547; x_wconf 92' lang='lat'>·</span> 
     </span>
     <span class='ocr_line' id='line_1_4' title="bbox 231 601 1102 702; baseline -0.002 -35"><span class='ocrx_word' id='word_1_19' title='bbox 231 618 280 668; x_wconf 83' lang='lat'>105</span> <span class='ocrx_word' id='word_1_20' title='bbox 292 605 375 670; x_wconf 84' lang='lat' dir='ltr'><strong>Pace</strong></span> <span class='ocrx_word' id='word_1_21' title='bbox 395 607 452 668; x_wconf 88' lang='lat' dir='ltr'>tua</span> <span class='ocrx_word' id='word_1_22' title='bbox 472 606 605 687; x_wconf 85' lang='lat' dir='ltr'>pereant</span> <span class='ocrx_word' id='word_1_23' title='bbox 625 621 716 668; x_wconf 78' lang='lat' dir='ltr'>arcus</span> <span class='ocrx_word' id='word_1_24' title='bbox 736 603 929 702; x_wconf 69' lang='lat' dir='ltr'>pereantque</span> <span class='ocrx_word' id='word_1_25' title='bbox 951 601 1102 687; x_wconf 73' lang='lat' dir='ltr'><strong>sagittae,</strong></span> 
     </span>
     <span class='ocr_line' id='line_1_5' title="bbox 336 685 1329 771; baseline -0.004 -18"><span class='ocrx_word' id='word_1_26' title='bbox 336 688 480 771; x_wconf 92' lang='lat' dir='ltr'>Phoebe,</span> <span class='ocrx_word' id='word_1_27' title='bbox 502 686 599 752; x_wconf 87' lang='lat' dir='ltr'>modo</span> <span class='ocrx_word' id='word_1_28' title='bbox 620 686 656 751; x_wconf 87' lang='lat' dir='ltr'>in</span> <span class='ocrx_word' id='word_1_29' title='bbox 676 688 770 751; x_wconf 76' lang='lat' dir='ltr'>terris</span> <span class='ocrx_word' id='word_1_30' title='bbox 792 689 876 750; x_wconf 90' lang='lat' dir='ltr'>erret</span> <span class='ocrx_word' id='word_1_31' title='bbox 896 687 1026 751; x_wconf 87' lang='lat' dir='ltr'>inermis</span> <span class='ocrx_word' id='word_1_32' title='bbox 1048 685 1171 751; x_wconf 60' lang='lat' dir='ltr'>Amor?</span> <span class='ocrx_word' id='word_1_33' title='bbox 1328 730 1329 770; x_wconf 70' lang='lat'>,</span> 
     </span>
     <span class='ocr_line' id='line_1_6' title="bbox 292 769 1329 855; baseline -0.002 -18"><span class='ocrx_word' id='word_1_34' title='bbox 292 774 356 837; x_wconf 87' lang='lat' dir='ltr'>Ars</span> <span class='ocrx_word' id='word_1_35' title='bbox 371 773 473 836; x_wconf 87' lang='lat' dir='ltr'>bona:</span> <span class='ocrx_word' id='word_1_36' title='bbox 496 771 551 836; x_wconf 87' lang='lat' dir='ltr'>sed</span> <span class='ocrx_word' id='word_1_37' title='bbox 566 773 736 855; x_wconf 84' lang='lat' dir='ltr'>postquem</span> <span class='ocrx_word' id='word_1_38' title='bbox 750 771 887 853; x_wconf 89' lang='lat' dir='ltr'>sumpsit</span> <span class='ocrx_word' id='word_1_39' title='bbox 901 771 962 834; x_wconf 85' lang='lat' dir='ltr'>sibi</span> <span class='ocrx_word' id='word_1_40' title='bbox 978 771 1043 834; x_wconf 85' lang='lat' dir='ltr'>tela</span> <span class='ocrx_word' id='word_1_41' title='bbox 1057 769 1192 855; x_wconf 79' lang='lat' dir='ltr'>Cupido,</span> <span class='ocrx_word' id='word_1_42' title='bbox 1328 773 1329 822; x_wconf 75' lang='grc'>1</span> 
     </span>
    </p>
   </div>
   <div class='ocr_carea' id='block_1_3' title="bbox 235 853 1154 1106">
    <p class='ocr_par' dir='ltr' id='par_1_3' title="bbox 235 853 1154 1106">
     <span class='ocr_line' id='line_1_7' title="bbox 335 853 1154 938; baseline -0.002 -18"><span class='ocrx_word' id='word_1_43' title='bbox 335 855 409 920; x_wconf 89' lang='lat' dir='ltr'>Heu</span> <span class='ocrx_word' id='word_1_44' title='bbox 430 855 493 920; x_wconf 89' lang='lat' dir='ltr'>heu</span> <span class='ocrx_word' id='word_1_45' title='bbox 514 876 609 938; x_wconf 88' lang='lat' dir='ltr'>quam</span> <span class='ocrx_word' id='word_1_46' title='bbox 630 855 739 918; x_wconf 89' lang='lat' dir='ltr'>multis</span> <span class='ocrx_word' id='word_1_47' title='bbox 761 875 812 919; x_wconf 88' lang='lat' dir='ltr'>ars</span> <span class='ocrx_word' id='word_1_48' title='bbox 834 853 922 918; x_wconf 88' lang='lat' dir='ltr'>dedit</span> <span class='ocrx_word' id='word_1_49' title='bbox 941 854 999 918; x_wconf 89' lang='grc'><strong>1111</strong></span> <span class='ocrx_word' id='word_1_50' title='bbox 1019 854 1154 918; x_wconf 82' lang='lat' dir='ltr'>malum!</span> 
     </span>
     <span class='ocr_line' id='line_1_8' title="bbox 294 937 1144 1023; baseline -0.006 -16"><span class='ocrx_word' id='word_1_51' title='bbox 294 940 339 1008; x_wconf 76' lang='lat' dir='ltr'>Mt</span> <span class='ocrx_word' id='word_1_52' title='bbox 360 939 440 1004; x_wconf 88' lang='lat' dir='ltr'>mihi</span> <span class='ocrx_word' id='word_1_53' title='bbox 460 939 639 1023; x_wconf 79' lang='lat' dir='ltr'>praecipue.</span> <span class='ocrx_word' id='word_1_54' title='bbox 671 938 760 1006; x_wconf 86' lang='lat' dir='ltr'>iaceo</span> <span class='ocrx_word' id='word_1_55' title='bbox 783 959 855 1002; x_wconf 88' lang='lat' dir='ltr'>cum</span> <span class='ocrx_word' id='word_1_56' title='bbox 877 937 1003 1002; x_wconf 85' lang='lat' dir='ltr'>saucius</span> <span class='ocrx_word' id='word_1_57' title='bbox 1025 959 1144 1002; x_wconf 88' lang='lat' dir='ltr'>annum</span> 
     </span>
     <span class='ocr_line' id='line_1_9' title="bbox 235 1021 1066 1106; baseline -0.004 -18"><span class='ocrx_word' id='word_1_58' title='bbox 235 1036 284 1088; x_wconf 81' lang='lat'>110</span> <span class='ocrx_word' id='word_1_59' title='bbox 336 1023 381 1088; x_wconf 79' lang='lat' dir='ltr'>Et</span> <span class='ocrx_word' id='word_1_60' title='bbox 400 1025 493 1088; x_wconf 87' lang='lat' dir='ltr'>faveo</span> <span class='ocrx_word' id='word_1_61' title='bbox 515 1023 644 1105; x_wconf 92' lang='lat' dir='ltr'>morbo,</span> <span class='ocrx_word' id='word_1_62' title='bbox 667 1043 740 1086; x_wconf 89' lang='lat' dir='ltr'>cum</span> <span class='ocrx_word' id='word_1_63' title='bbox 761 1022 850 1087; x_wconf 85' lang='lat' dir='ltr'>iuvat</span> <span class='ocrx_word' id='word_1_64' title='bbox 870 1022 939 1106; x_wconf 89' lang='lat' dir='ltr'>ipse</span> <span class='ocrx_word' id='word_1_65' title='bbox 961 1021 1066 1104; x_wconf 90' lang='lat' dir='ltr'>dolor,</span> 
     </span>
    </p>
   </div>
   <div class='ocr_carea' id='block_1_4' title="bbox 1315 337 1327 358">
    <p class='ocr_par' dir='ltr' id='par_1_4' title="bbox 1315 337 1327 358">
     <span class='ocr_line' id='line_1_10' title="bbox 1315 337 1327 358; baseline 0 0"><span class='ocrx_word' id='word_1_66' title='bbox 1315 337 1327 358; x_wconf 72' lang='lat'>1</span> 
     </span>
    </p>
   </div>
   <div class='ocr_carea' id='block_1_5' title="bbox 295 1089 1330 1256">
    <p class='ocr_par' dir='ltr' id='par_1_5' title="bbox 295 1089 1330 1256">
     <span class='ocr_line' id='line_1_11' title="bbox 295 1089 1330 1256; baseline -0.002 -83"><span class='ocrx_word' id='word_1_67' title='bbox 295 1107 404 1256; x_wconf 48' lang='lat' dir='ltr'>Vspue</span> <span class='ocrx_word' id='word_1_68' title='bbox 419 1127 499 1172; x_wconf 88' lang='lat' dir='ltr'>cano</span> <span class='ocrx_word' id='word_1_69' title='bbox 514 1106 694 1190; x_wconf 81' lang='lat' dir='ltr'>Nemesim,</span> <span class='ocrx_word' id='word_1_70' title='bbox 710 1106 779 1170; x_wconf 89' lang='lat' dir='ltr'>sine</span> <span class='ocrx_word' id='word_1_71' title='bbox 794 1127 979 1190; x_wconf 80' lang='lat' dir='ltr'>queremus</span> <span class='ocrx_word' id='word_1_72' title='bbox 992 1104 1072 1170; x_wconf 88' lang='lat' dir='ltr'>mihi</span> <span class='ocrx_word' id='word_1_73' title='bbox 1085 1105 1194 1171; x_wconf 90' lang='lat' dir='ltr'>nullus</span> <span class='ocrx_word' id='word_1_74' title='bbox 1329 1089 1330 1116; x_wconf 56' lang='lat'><strong>³</strong></span> 
     </span>
    </p>
   </div>
   <div class='ocr_carea' id='block_1_6' title="bbox 235 1189 1145 2112">
    <p class='ocr_par' dir='ltr' id='par_1_6' title="bbox 368 1189 1055 1275">
     <span class='ocr_line' id='line_1_12' title="bbox 368 1189 1055 1275; baseline -0.003 -19"><span class='ocrx_word' id='word_1_75' title='bbox 368 1192 444 1256; x_wconf 84' lang='lat' dir='ltr'>orba</span> <span class='ocrx_word' id='word_1_76' title='bbox 464 1193 573 1275; x_wconf 91' lang='lat' dir='ltr'>potest</span> <span class='ocrx_word' id='word_1_77' title='bbox 593 1190 694 1254; x_wconf 89' lang='lat' dir='ltr'>iustos</span> <span class='ocrx_word' id='word_1_78' title='bbox 716 1193 771 1254; x_wconf 87' lang='lat' dir='ltr'>aut</span> <span class='ocrx_word' id='word_1_79' title='bbox 790 1190 928 1274; x_wconf 88' lang='lat' dir='ltr'>reperire</span> <span class='ocrx_word' id='word_1_80' title='bbox 949 1189 1055 1273; x_wconf 90' lang='lat' dir='ltr'>pedes.</span> 
     </span>
    </p>

    <p class='ocr_par' dir='ltr' id='par_1_7' title="bbox 235 1274 1116 1609">
     <span class='ocr_line' id='line_1_13' title="bbox 295 1274 1047 1360; baseline -0.003 -20"><span class='ocrx_word' id='word_1_81' title='bbox 295 1277 340 1340; x_wconf 88' lang='lat' dir='ltr'>At</span> <span class='ocrx_word' id='word_1_82' title='bbox 360 1279 397 1339; x_wconf 88' lang='lat' dir='ltr'>tu</span> <span class='ocrx_word' id='word_1_83' title='bbox 419 1277 509 1360; x_wconf 88' lang='lat' dir='ltr'>(nam</span> <span class='ocrx_word' id='word_1_84' title='bbox 530 1274 638 1338; x_wconf 84' lang='lat' dir='ltr'>divum</span> <span class='ocrx_word' id='word_1_85' title='bbox 659 1277 766 1338; x_wconf 85' lang='lat' dir='ltr'>servat</span> <span class='ocrx_word' id='word_1_86' title='bbox 785 1275 886 1338; x_wconf 86' lang='lat' dir='ltr'>tutela</span> <span class='ocrx_word' id='word_1_87' title='bbox 905 1276 1047 1358; x_wconf 81' lang='lat' dir='ltr'>poetas),</span> 
     </span>
     <span class='ocr_line' id='line_1_14' title="bbox 338 1358 1039 1442; baseline -0.001 -19"><span class='ocrx_word' id='word_1_88' title='bbox 338 1359 551 1440; x_wconf 81' lang='lat' dir='ltr'>Prasmoneo,</span> <span class='ocrx_word' id='word_1_89' title='bbox 574 1359 639 1422; x_wconf 84' lang='lat' dir='ltr'>vati</span> <span class='ocrx_word' id='word_1_90' title='bbox 683 1379 769 1441; x_wconf 85' lang='lat' dir='ltr'>arce,</span> <span class='ocrx_word' id='word_1_91' title='bbox 792 1358 913 1442; x_wconf 89' lang='lat' dir='ltr'>puella,</span> <span class='ocrx_word' id='word_1_92' title='bbox 936 1375 1039 1431; x_wconf 84' lang='lat' dir='ltr'>sacro,</span> 
     </span>
     <span class='ocr_line' id='line_1_15' title="bbox 235 1381 1116 1525; baseline 0.001 -20"><span class='ocrx_word' id='word_1_93' title='bbox 235 1443 343 1508; x_wconf 87' lang='lat' dir='ltr'>11th</span> <span class='ocrx_word' id='word_1_94' title='bbox 363 1441 571 1506; x_wconf 87' lang='lat' dir='ltr'>Messalinum</span> <span class='ocrx_word' id='word_1_95' title='bbox 593 1381 764 1524; x_wconf 65' lang='lat' dir='ltr'>celebrem,</span> <span class='ocrx_word' id='word_1_96' title='bbox 787 1463 859 1506; x_wconf 92' lang='lat' dir='ltr'>cum</span> <span class='ocrx_word' id='word_1_97' title='bbox 879 1442 1020 1525; x_wconf 85' lang='lat' dir='ltr'>praemia</span> <span class='ocrx_word' id='word_1_98' title='bbox 1039 1441 1116 1506; x_wconf 81' lang='lat' dir='ltr'>belli</span> 
     </span>
     <span class='ocr_line' id='line_1_16' title="bbox 337 1525 1017 1609; baseline -0.001 -19"><span class='ocrx_word' id='word_1_99' title='bbox 337 1527 423 1590; x_wconf 82' lang='lat' dir='ltr'>Ante</span> <span class='ocrx_word' id='word_1_100' title='bbox 445 1546 519 1589; x_wconf 87' lang='lat' dir='ltr'>suos</span> <span class='ocrx_word' id='word_1_101' title='bbox 543 1545 652 1589; x_wconf 88' lang='lat' dir='ltr'>currus</span> <span class='ocrx_word' id='word_1_102' title='bbox 674 1526 793 1609; x_wconf 87' lang='lat' dir='ltr'>oppida</span> <span class='ocrx_word' id='word_1_103' title='bbox 813 1527 899 1590; x_wconf 82' lang='lat' dir='ltr'>victa</span> <span class='ocrx_word' id='word_1_104' title='bbox 920 1525 1017 1608; x_wconf 84' lang='lat' dir='ltr'>feret,</span> 
     </span>
    </p>

    <p class='ocr_par' dir='ltr' id='par_1_8' title="bbox 294 1609 1089 1695">
     <span class='ocr_line' id='line_1_17' title="bbox 294 1609 1089 1695; baseline -0.001 -21"><span class='ocrx_word' id='word_1_105' title='bbox 294 1609 368 1694; x_wconf 90' lang='lat' dir='ltr'>Ipse</span> <span class='ocrx_word' id='word_1_106' title='bbox 390 1629 505 1695; x_wconf 83' lang='lat' dir='ltr'>gerens</span> <span class='ocrx_word' id='word_1_107' title='bbox 526 1609 650 1673; x_wconf 87' lang='lat' dir='ltr'>lauros:</span> <span class='ocrx_word' id='word_1_108' title='bbox 672 1609 761 1673; x_wconf 88' lang='lat' dir='ltr'>lauro</span> <span class='ocrx_word' id='word_1_109' title='bbox 784 1609 948 1674; x_wconf 74' lang='lat' dir='ltr'>devinctum</span> <span class='ocrx_word' id='word_1_110' title='bbox 970 1610 1089 1694; x_wconf 86' lang='lat' dir='ltr'>agresti</span> 
     </span>
    </p>

    <p class='ocr_par' dir='ltr' id='par_1_9' title="bbox 240 1692 1145 2112">
     <span class='ocr_line' id='line_1_18' title="bbox 337 1692 1101 1777; baseline -0.001 -20"><span class='ocrx_word' id='word_1_111' title='bbox 337 1693 431 1758; x_wconf 83' lang='lat' dir='ltr'>Miles</span> <span class='ocrx_word' id='word_1_112' title='bbox 453 1693 521 1757; x_wconf 73' lang='lat' dir='ltr'>‘io&#39;</span> <span class='ocrx_word' id='word_1_113' title='bbox 544 1713 662 1776; x_wconf 84' lang='lat' dir='ltr'>magna</span> <span class='ocrx_word' id='word_1_114' title='bbox 682 1715 760 1758; x_wconf 83' lang='lat' dir='ltr'>voce</span> <span class='ocrx_word' id='word_1_115' title='bbox 783 1692 976 1777; x_wconf 77' lang='lat' dir='ltr'>‘triumphe’</span> <span class='ocrx_word' id='word_1_116' title='bbox 1000 1697 1101 1757; x_wconf 87' lang='lat' dir='ltr'>canet.</span> 
     </span>
     <span class='ocr_line' id='line_1_19' title="bbox 296 1776 1145 1861; baseline 0 -19"><span class='ocrx_word' id='word_1_117' title='bbox 296 1777 378 1842; x_wconf 82' lang='lat' dir='ltr'>Tum</span> <span class='ocrx_word' id='word_1_118' title='bbox 399 1776 551 1842; x_wconf 79' lang='lat' dir='ltr'>Messalla</span> <span class='ocrx_word' id='word_1_119' title='bbox 571 1798 660 1840; x_wconf 91' lang='lat' dir='ltr'>meus</span> <span class='ocrx_word' id='word_1_120' title='bbox 681 1777 736 1861; x_wconf 84' lang='lat' dir='ltr'>pia</span> <span class='ocrx_word' id='word_1_121' title='bbox 757 1777 811 1841; x_wconf 88' lang='lat' dir='ltr'>det</span> <span class='ocrx_word' id='word_1_122' title='bbox 831 1777 1012 1860; x_wconf 86' lang='lat' dir='ltr'>spectacula</span> <span class='ocrx_word' id='word_1_123' title='bbox 1032 1777 1145 1842; x_wconf 86' lang='lat' dir='ltr'>turbae</span> 
     </span>
     <span class='ocr_line' id='line_1_20' title="bbox 240 1861 1015 1946; baseline 0.005 -23"><span class='ocrx_word' id='word_1_124' title='bbox 240 1874 289 1924; x_wconf 79' lang='grc'>110</span> <span class='ocrx_word' id='word_1_125' title='bbox 341 1861 386 1926; x_wconf 78' lang='lat' dir='ltr'>Mt</span> <span class='ocrx_word' id='word_1_126' title='bbox 407 1861 539 1946; x_wconf 85' lang='lat' dir='ltr'>plaudat</span> <span class='ocrx_word' id='word_1_127' title='bbox 560 1880 653 1925; x_wconf 84' lang='lat' dir='ltr'>curru</span> <span class='ocrx_word' id='word_1_128' title='bbox 674 1863 895 1945; x_wconf 72' lang='lat' dir='ltr'>praetereunte</span> <span class='ocrx_word' id='word_1_129' title='bbox 915 1863 1015 1944; x_wconf 87' lang='lat' dir='ltr'>pater.</span> 
     </span>
     <span class='ocr_line' id='line_1_21' title="bbox 295 1943 1131 2029; baseline -0.001 -19"><span class='ocrx_word' id='word_1_130' title='bbox 295 1946 424 2010; x_wconf 89' lang='lat' dir='ltr'>Adnue:</span> <span class='ocrx_word' id='word_1_131' title='bbox 448 1946 495 2009; x_wconf 91' lang='lat' dir='ltr'>sic</span> <span class='ocrx_word' id='word_1_132' title='bbox 515 1944 576 2008; x_wconf 89' lang='lat' dir='ltr'>tibi</span> <span class='ocrx_word' id='word_1_133' title='bbox 598 1945 664 2009; x_wconf 87' lang='lat' dir='ltr'>sint</span> <span class='ocrx_word' id='word_1_134' title='bbox 684 1945 821 2028; x_wconf 88' lang='lat' dir='ltr'>intonsi,</span> <span class='ocrx_word' id='word_1_135' title='bbox 842 1944 985 2027; x_wconf 90' lang='lat' dir='ltr'>Phoebe,</span> <span class='ocrx_word' id='word_1_136' title='bbox 1008 1943 1131 2029; x_wconf 90' lang='lat' dir='ltr'>capilli,</span> 
     </span>
     <span class='ocr_line' id='line_1_22' title="bbox 339 2029 1020 2112; baseline -0.003 -18"><span class='ocrx_word' id='word_1_137' title='bbox 339 2029 392 2094; x_wconf 78' lang='lat' dir='ltr'>sic</span> <span class='ocrx_word' id='word_1_138' title='bbox 413 2031 469 2093; x_wconf 86' lang='lat' dir='ltr'>tua</span> <span class='ocrx_word' id='word_1_139' title='bbox 489 2031 643 2112; x_wconf 88' lang='lat' dir='ltr'>perpetuo</span> <span class='ocrx_word' id='word_1_140' title='bbox 667 2029 710 2092; x_wconf 91' lang='lat' dir='ltr'>sit</span> <span class='ocrx_word' id='word_1_141' title='bbox 729 2029 790 2093; x_wconf 87' lang='lat' dir='ltr'>tibi</span> <span class='ocrx_word' id='word_1_142' title='bbox 812 2032 899 2092; x_wconf 87' lang='lat' dir='ltr'>casta</span> <span class='ocrx_word' id='word_1_143' title='bbox 920 2048 1020 2092; x_wconf 85' lang='lat' dir='ltr'>soror.</span> 
     </span>
    </p>
   </div>
   <div class='ocr_carea' id='block_1_7' title="bbox 681 2181 733 2254">
    <p class='ocr_par' dir='ltr' id='par_1_10' title="bbox 681 2181 733 2254">
     <span class='ocr_line' id='line_1_23' title="bbox 681 2181 733 2254; baseline 0 0"><span class='ocrx_word' id='word_1_144' title='bbox 681 2181 733 2254; x_wconf 86' lang='lat' dir='ltr'>VI</span> 
     </span>
    </p>
   </div>
   <div class='ocr_carea' id='block_1_8' title="bbox 250 2279 1212 3286">
    <p class='ocr_par' dir='ltr' id='par_1_11' title="bbox 250 2279 1212 3286">
     <span class='ocr_line' id='line_1_24' title="bbox 297 2279 1194 2366; baseline 0.001 -20"><span class='ocrx_word' id='word_1_145' title='bbox 297 2279 411 2346; x_wconf 81' lang='lat' dir='ltr'>Castra</span> <span class='ocrx_word' id='word_1_146' title='bbox 432 2279 541 2346; x_wconf 84' lang='lat' dir='ltr'>Macer</span> <span class='ocrx_word' id='word_1_147' title='bbox 568 2281 723 2364; x_wconf 87' lang='lat' dir='ltr'>sequitur:</span> <span class='ocrx_word' id='word_1_148' title='bbox 751 2283 861 2346; x_wconf 88' lang='lat' dir='ltr'>tenero</span> <span class='ocrx_word' id='word_1_149' title='bbox 884 2281 960 2366; x_wconf 90' lang='lat' dir='ltr'>quid</span> <span class='ocrx_word' id='word_1_150' title='bbox 981 2283 1037 2346; x_wconf 88' lang='lat' dir='ltr'>fiet</span> <span class='ocrx_word' id='word_1_151' title='bbox 1057 2281 1194 2347; x_wconf 82' lang='lat' dir='ltr'>Amori?</span> 
     </span>
     <span class='ocr_line' id='line_1_25' title="bbox 340 2363 1067 2451; baseline -0.003 -21"><span class='ocrx_word' id='word_1_152' title='bbox 340 2364 389 2430; x_wconf 84' lang='lat' dir='ltr'>Sit</span> <span class='ocrx_word' id='word_1_153' title='bbox 411 2385 517 2430; x_wconf 91' lang='lat' dir='ltr'>eomes</span> <span class='ocrx_word' id='word_1_154' title='bbox 540 2367 572 2429; x_wconf 91' lang='lat' dir='ltr'>et</span> <span class='ocrx_word' id='word_1_155' title='bbox 594 2365 676 2429; x_wconf 90' lang='lat' dir='ltr'>collo</span> <span class='ocrx_word' id='word_1_156' title='bbox 698 2365 825 2430; x_wconf 87' lang='lat' dir='ltr'>fortiter</span> <span class='ocrx_word' id='word_1_157' title='bbox 845 2387 934 2430; x_wconf 84' lang='lat' dir='ltr'>arma</span> <span class='ocrx_word' id='word_1_158' title='bbox 954 2363 1067 2451; x_wconf 70' lang='lat' dir='ltr'>gerat?</span> 
     </span>
     <span class='ocr_line' id='line_1_26' title="bbox 296 2447 1179 2534; baseline 0 -20"><span class='ocrx_word' id='word_1_159' title='bbox 296 2447 341 2514; x_wconf 82' lang='lat' dir='ltr'>Et</span> <span class='ocrx_word' id='word_1_160' title='bbox 363 2471 419 2514; x_wconf 92' lang='lat' dir='ltr'>seu</span> <span class='ocrx_word' id='word_1_161' title='bbox 440 2449 539 2534; x_wconf 85' lang='lat' dir='ltr'>longa</span> <span class='ocrx_word' id='word_1_162' title='bbox 559 2449 662 2513; x_wconf 87' lang='lat' dir='ltr'>virum</span> <span class='ocrx_word' id='word_1_163' title='bbox 684 2453 785 2513; x_wconf 86' lang='lat' dir='ltr'>terrae</span> <span class='ocrx_word' id='word_1_164' title='bbox 808 2449 858 2514; x_wconf 85' lang='lat' dir='ltr'>via</span> <span class='ocrx_word' id='word_1_165' title='bbox 880 2471 936 2514; x_wconf 89' lang='lat' dir='ltr'>seu</span> <span class='ocrx_word' id='word_1_166' title='bbox 957 2471 1040 2534; x_wconf 85' lang='lat' dir='ltr'>vaga</span> <span class='ocrx_word' id='word_1_167' title='bbox 1061 2448 1179 2514; x_wconf 86' lang='lat' dir='ltr'>ducent</span> 
     </span>
     <span class='ocr_line' id='line_1_27' title="bbox 340 2532 1058 2616; baseline 0 -20"><span class='ocrx_word' id='word_1_168' title='bbox 340 2532 504 2616; x_wconf 87' lang='lat' dir='ltr'>Aequora,</span> <span class='ocrx_word' id='word_1_169' title='bbox 528 2554 599 2596; x_wconf 92' lang='lat' dir='ltr'>cum</span> <span class='ocrx_word' id='word_1_170' title='bbox 620 2533 694 2596; x_wconf 88' lang='lat' dir='ltr'>telis</span> <span class='ocrx_word' id='word_1_171' title='bbox 716 2533 756 2596; x_wconf 87' lang='lat' dir='ltr'>ad</span> <span class='ocrx_word' id='word_1_172' title='bbox 776 2534 860 2597; x_wconf 81' lang='lat' dir='ltr'>latus</span> <span class='ocrx_word' id='word_1_173' title='bbox 881 2533 928 2598; x_wconf 91' lang='lat' dir='ltr'>ire</span> <span class='ocrx_word' id='word_1_174' title='bbox 949 2533 1058 2598; x_wconf 83' lang='lat' dir='ltr'>volet?</span> 
     </span>
     <span class='ocr_line' id='line_1_28' title="bbox 265 2615 1126 2701; baseline 0.002 -23"><span class='ocrx_word' id='word_1_175' title='bbox 265 2615 375 2698; x_wconf 74' lang='lat' dir='ltr'>sVre,</span> <span class='ocrx_word' id='word_1_176' title='bbox 397 2637 491 2699; x_wconf 91' lang='lat' dir='ltr'>puer,</span> <span class='ocrx_word' id='word_1_177' title='bbox 514 2637 645 2700; x_wconf 84' lang='lat' dir='ltr'>quaeso,</span> <span class='ocrx_word' id='word_1_178' title='bbox 667 2619 724 2680; x_wconf 90' lang='lat' dir='ltr'>tua</span> <span class='ocrx_word' id='word_1_179' title='bbox 745 2617 799 2700; x_wconf 90' lang='lat' dir='ltr'>qui</span> <span class='ocrx_word' id='word_1_180' title='bbox 819 2617 906 2682; x_wconf 85' lang='lat' dir='ltr'>ferus</span> <span class='ocrx_word' id='word_1_181' title='bbox 929 2618 995 2682; x_wconf 82' lang='lat' dir='ltr'>otia</span> <span class='ocrx_word' id='word_1_182' title='bbox 1017 2617 1126 2701; x_wconf 89' lang='lat' dir='ltr'>liquit,</span> 
     </span>
     <span class='ocr_line' id='line_1_29' title="bbox 339 2700 1130 2786; baseline 0.001 -24"><span class='ocrx_word' id='word_1_183' title='bbox 339 2701 445 2783; x_wconf 87' lang='lat' dir='ltr'>Atque</span> <span class='ocrx_word' id='word_1_184' title='bbox 467 2700 582 2762; x_wconf 89' lang='lat' dir='ltr'>iterum</span> <span class='ocrx_word' id='word_1_185' title='bbox 604 2721 749 2765; x_wconf 83' lang='lat' dir='ltr'>emonem</span> <span class='ocrx_word' id='word_1_186' title='bbox 771 2701 829 2766; x_wconf 86' lang='lat' dir='ltr'>sub</span> <span class='ocrx_word' id='word_1_187' title='bbox 851 2704 907 2765; x_wconf 90' lang='lat' dir='ltr'>tua</span> <span class='ocrx_word' id='word_1_188' title='bbox 928 2702 1022 2786; x_wconf 83' lang='lat' dir='ltr'>signa</span> <span class='ocrx_word' id='word_1_189' title='bbox 1042 2722 1130 2766; x_wconf 87' lang='lat' dir='ltr'>voca.</span> 
     </span>
     <span class='ocr_line' id='line_1_30' title="bbox 296 2782 1195 2869; baseline 0.002 -23"><span class='ocrx_word' id='word_1_190' title='bbox 296 2782 389 2858; x_wconf 82' lang='lat' dir='ltr'>Quod</span> <span class='ocrx_word' id='word_1_191' title='bbox 411 2783 439 2847; x_wconf 92' lang='lat' dir='ltr'>si</span> <span class='ocrx_word' id='word_1_192' title='bbox 459 2783 613 2848; x_wconf 78' lang='lat' dir='ltr'>militibus</span> <span class='ocrx_word' id='word_1_193' title='bbox 635 2805 763 2869; x_wconf 89' lang='lat' dir='ltr'>parces,</span> <span class='ocrx_word' id='word_1_194' title='bbox 785 2786 846 2850; x_wconf 87' lang='lat' dir='ltr'>erit</span> <span class='ocrx_word' id='word_1_195' title='bbox 865 2783 919 2850; x_wconf 90' lang='lat' dir='ltr'>hic</span> <span class='ocrx_word' id='word_1_196' title='bbox 940 2807 1064 2869; x_wconf 91' lang='lat' dir='ltr'>quoque</span> <span class='ocrx_word' id='word_1_197' title='bbox 1085 2785 1195 2869; x_wconf 88' lang='lat' dir='ltr'>miles,</span> 
     </span>
     <span class='ocr_line' id='line_1_31' title="bbox 337 2866 1077 2953; baseline 0.003 -23"><span class='ocrx_word' id='word_1_198' title='bbox 337 2866 411 2950; x_wconf 90' lang='lat' dir='ltr'>Ipse</span> <span class='ocrx_word' id='word_1_199' title='bbox 433 2867 534 2931; x_wconf 84' lang='lat' dir='ltr'>levem</span> <span class='ocrx_word' id='word_1_200' title='bbox 556 2868 648 2952; x_wconf 85' lang='lat' dir='ltr'>galea</span> <span class='ocrx_word' id='word_1_201' title='bbox 669 2869 724 2953; x_wconf 89' lang='lat' dir='ltr'>qui</span> <span class='ocrx_word' id='word_1_202' title='bbox 746 2869 807 2934; x_wconf 90' lang='lat' dir='ltr'>sibi</span> <span class='ocrx_word' id='word_1_203' title='bbox 828 2871 935 2953; x_wconf 90' lang='lat' dir='ltr'>portet</span> <span class='ocrx_word' id='word_1_204' title='bbox 956 2891 1077 2952; x_wconf 84' lang='lat' dir='ltr'>aquam.</span> 
     </span>
     <span class='ocr_line' id='line_1_32' title="bbox 297 2950 1212 3052; baseline 0.001 -35"><span class='ocrx_word' id='word_1_205' title='bbox 297 2950 410 3018; x_wconf 79' lang='lat' dir='ltr'>Castra</span> <span class='ocrx_word' id='word_1_206' title='bbox 429 2954 521 3036; x_wconf 90' lang='lat' dir='ltr'>peto,</span> <span class='ocrx_word' id='word_1_207' title='bbox 543 2953 709 3036; x_wconf 87' lang='lat' dir='ltr'>valeatque</span> <span class='ocrx_word' id='word_1_208' title='bbox 723 2951 833 3018; x_wconf 86' lang='lat' dir='ltr'>Venus</span> <span class='ocrx_word' id='word_1_209' title='bbox 848 2955 1035 3037; x_wconf 79' lang='lat' dir='ltr'>valeantque</span> <span class='ocrx_word' id='word_1_210' title='bbox 1055 2952 1212 3052; x_wconf 64' lang='lat' dir='ltr'>puellaerf</span> 
     </span>
     <span class='ocr_line' id='line_1_33' title="bbox 250 3035 1095 3120; baseline 0 -21"><span class='ocrx_word' id='word_1_211' title='bbox 250 3043 283 3099; x_wconf 87' lang='lat'>10</span> <span class='ocrx_word' id='word_1_212' title='bbox 338 3035 383 3100; x_wconf 83' lang='lat' dir='ltr'>Et</span> <span class='ocrx_word' id='word_1_213' title='bbox 402 3035 482 3100; x_wconf 89' lang='lat' dir='ltr'>mibi</span> <span class='ocrx_word' id='word_1_214' title='bbox 504 3039 578 3100; x_wconf 89' lang='lat' dir='ltr'>sunt</span> <span class='ocrx_word' id='word_1_215' title='bbox 598 3037 695 3120; x_wconf 85' lang='lat' dir='ltr'>vires,</span> <span class='ocrx_word' id='word_1_216' title='bbox 719 3037 850 3102; x_wconf 88' lang='lat' dir='ltr'>etmihi</span> <span class='ocrx_word' id='word_1_217' title='bbox 872 3035 957 3102; x_wconf 87' lang='lat' dir='ltr'>facta</span> <span class='ocrx_word' id='word_1_218' title='bbox 977 3038 1095 3101; x_wconf 83' lang='lat' dir='ltr'>tubast.</span> 
     </span>
     <span class='ocr_line' id='line_1_34' title="bbox 283 3118 1195 3271; baseline -0.003 -86"><span class='ocrx_word' id='word_1_219' title='bbox 283 3118 415 3271; x_wconf 47' lang='lat' dir='ltr'>,Magna</span> <span class='ocrx_word' id='word_1_220' title='bbox 436 3121 566 3205; x_wconf 91' lang='lat' dir='ltr'>loquor,</span> <span class='ocrx_word' id='word_1_221' title='bbox 590 3120 645 3184; x_wconf 87' lang='lat' dir='ltr'>sed</span> <span class='ocrx_word' id='word_1_222' title='bbox 666 3121 835 3204; x_wconf 84' lang='lat' dir='ltr'>magnifiee</span> <span class='ocrx_word' id='word_1_223' title='bbox 856 3121 935 3186; x_wconf 92' lang='lat' dir='ltr'>mihi</span> <span class='ocrx_word' id='word_1_224' title='bbox 949 3142 1068 3206; x_wconf 80' lang='lat' dir='ltr'>magna</span> <span class='ocrx_word' id='word_1_225' title='bbox 1087 3121 1195 3184; x_wconf 89' lang='lat' dir='ltr'>locuto</span> 
     </span>
     <span class='ocr_line' id='line_1_35' title="bbox 271 3129 1011 3286; baseline 0 -18"><span class='ocrx_word' id='word_1_226' title='bbox 271 3129 277 3286; x_wconf 77' lang='grc'>1</span> <span class='ocrx_word' id='word_1_227' title='bbox 338 3205 514 3270; x_wconf 84' lang='lat' dir='ltr'>Excutiunt</span> <span class='ocrx_word' id='word_1_228' title='bbox 535 3205 659 3269; x_wconf 90' lang='lat' dir='ltr'>clausae</span> <span class='ocrx_word' id='word_1_229' title='bbox 680 3204 778 3269; x_wconf 86' lang='lat' dir='ltr'>fortia</span> <span class='ocrx_word' id='word_1_230' title='bbox 798 3207 895 3270; x_wconf 83' lang='lat' dir='ltr'>verba</span> <span class='ocrx_word' id='word_1_231' title='bbox 916 3207 1011 3270; x_wconf 90' lang='lat' dir='ltr'>fores.</span> 
     </span>
    </p>
   </div>
   <div class='ocr_carea' id='block_1_9' title="bbox 266 3284 1174 3448">
    <p class='ocr_par' dir='ltr' id='par_1_12' title="bbox 266 3277 1218 3448">
     <span class='ocr_line' id='line_1_36' title="bbox 266 3284 1174 3448; baseline 0.019 -98"><span class='ocrx_word' id='word_1_232' title='bbox 266 3284 403 3448; x_wconf 71' lang='lat' dir='ltr'>,sluravi</span> <span class='ocrx_word' id='word_1_233' title='bbox 446 3289 572 3353; x_wconf 90' lang='lat' dir='ltr'>uotiens</span> <span class='ocrx_word' id='word_1_234' title='bbox 594 3288 769 3353; x_wconf 84' lang='lat' dir='ltr'>rediturum</span> <span class='ocrx_word' id='word_1_235' title='bbox 791 3289 831 3353; x_wconf 87' lang='lat' dir='ltr'>ad</span> <span class='ocrx_word' id='word_1_236' title='bbox 852 3291 965 3354; x_wconf 88' lang='lat' dir='ltr'>limina</span> <span class='ocrx_word' id='word_1_237' title='bbox 985 3289 1174 3373; x_wconf 69' lang='lat' dir='ltr'>numquam!</span> 
     </span>
    </p>
   </div>
   <div class='ocr_carea' id='block_1_10' title="bbox 281 3348 1068 3458">
    <p class='ocr_par' dir='ltr' id='par_1_13' title="bbox 281 3348 1068 3458">
     <span class='ocr_line' id='line_1_37' title="bbox 281 3348 1068 3458; baseline 0 -22"><span class='ocrx_word' id='word_1_238' title='bbox 281 3348 286 3442; x_wconf 80' lang='grc'>1</span> <span class='ocrx_word' id='word_1_239' title='bbox 340 3370 420 3436; x_wconf 79' lang='lat' dir='ltr'>Cum</span> <span class='ocrx_word' id='word_1_240' title='bbox 464 3393 522 3436; x_wconf 89' lang='lat' dir='ltr'>ene</span> <span class='ocrx_word' id='word_1_241' title='bbox 544 3373 659 3456; x_wconf 80' lang='lat' dir='ltr'>iuravi,</span> <span class='ocrx_word' id='word_1_242' title='bbox 681 3395 738 3457; x_wconf 89' lang='lat' dir='ltr'>pes</span> <span class='ocrx_word' id='word_1_243' title='bbox 759 3376 867 3439; x_wconf 86' lang='lat' dir='ltr'>tamen</span> <span class='ocrx_word' id='word_1_244' title='bbox 887 3375 956 3458; x_wconf 83' lang='lat' dir='ltr'>ipse</span> <span class='ocrx_word' id='word_1_245' title='bbox 976 3373 1068 3438; x_wconf 90' lang='lat' dir='ltr'>redit.</span> 
     </span>
    </p>
   </div>
   <div class='ocr_carea' id='block_1_11' title="bbox 251 3419 1219 3542">
    <p class='ocr_par' dir='ltr' id='par_1_14' title="bbox 251 3419 1219 3542">
     <span class='ocr_line' id='line_1_38' title="bbox 251 3419 1219 3542; baseline 0.006 -24"><span class='ocrx_word' id='word_1_246' title='bbox 251 3466 281 3518; x_wconf 78' lang='lat'>15</span> <span class='ocrx_word' id='word_1_247' title='bbox 297 3455 379 3519; x_wconf 86' lang='lat' dir='ltr'>Acer</span> <span class='ocrx_word' id='word_1_248' title='bbox 400 3455 515 3538; x_wconf 88' lang='lat' dir='ltr'>Amor,</span> <span class='ocrx_word' id='word_1_249' title='bbox 537 3455 655 3520; x_wconf 86' lang='lat' dir='ltr'>fractas</span> <span class='ocrx_word' id='word_1_250' title='bbox 676 3459 798 3522; x_wconf 85' lang='lat' dir='ltr'>utinam</span> <span class='ocrx_word' id='word_1_251' title='bbox 820 3462 874 3523; x_wconf 87' lang='lat' dir='ltr'>tua</span> <span class='ocrx_word' id='word_1_252' title='bbox 894 3459 960 3523; x_wconf 87' lang='lat' dir='ltr'>tela</span> <span class='ocrx_word' id='word_1_253' title='bbox 981 3458 1133 3542; x_wconf 81' lang='lat' dir='ltr'>sagittas,</span> <span class='ocrx_word' id='word_1_254' title='bbox 1215 3419 1219 3446; x_wconf 31' lang='grc' dir='ltr'><em>ἆ</em></span> 
     </span>
    </p>
   </div>
   <div class='ocr_carea' id='block_1_12' title="bbox 340 3538 1020 3627">
    <p class='ocr_par' dir='ltr' id='par_1_15' title="bbox 340 3538 1020 3627">
     <span class='ocr_line' id='line_1_39' title="bbox 340 3538 1020 3627; baseline 0.004 -23"><span class='ocrx_word' id='word_1_255' title='bbox 340 3539 374 3604; x_wconf 84' lang='lat' dir='ltr'>Si</span> <span class='ocrx_word' id='word_1_256' title='bbox 395 3538 483 3623; x_wconf 85' lang='lat' dir='ltr'>licet,</span> <span class='ocrx_word' id='word_1_257' title='bbox 506 3539 661 3604; x_wconf 81' lang='lat' dir='ltr'>extinctas</span> <span class='ocrx_word' id='word_1_258' title='bbox 684 3543 898 3627; x_wconf 88' lang='lat' dir='ltr'>aspiciamque</span> <span class='ocrx_word' id='word_1_259' title='bbox 920 3543 1020 3608; x_wconf 86' lang='lat' dir='ltr'>facesl</span> 
     </span>
    </p>
   </div>
   <div class='ocr_carea' id='block_1_13' title="bbox 0 0 1343 4138">
    <p class='ocr_par' dir='ltr' id='par_1_16' title="bbox 0 0 1343 4138">
     <span class='ocr_line' id='line_1_40' title="bbox 0 0 1343 4138; baseline 0 0"><span class='ocrx_word' id='word_1_260' title='bbox 0 0 1343 4138; x_wconf 95' lang='lat' dir='ltr'> </span> 
     </span>
    </p>
   </div>
  </div>
 </body>
</html>
