2666 4138
98 233 173 303 xit]
495 234 603 290 orere
623 235 684 293 ΠΗ.
948 240 953 250 ’
1028 234 1070 299 55

144 396 252 480 Atque
274 396 427 460 Arretino
450 395 585 480 frigidus
608 399 714 463 amnis
737 400 837 484 egro?

99 480 187 563 Iam,
209 479 345 544 nimium
367 479 517 544 Messalla
538 481 600 546 mei
623 483 779 566 studiose,
803 486 960 568 quiescas,
1052 498 1068 547 5

144 563 221 628 Non
241 564 451 647 tempestivae
473 585 566 648 saepe
588 567 766 650 propinque
789 569 868 632 viae.

99 646 166 714 Hio
188 647 329 712 animum
352 669 526 732 sensusque
547 670 636 714 meos
659 651 794 716 abducta
815 653 977 738 relinque,

144 732 288 796 Arbitrio
312 732 462 815 quoniam
483 753 550 796 non
573 733 651 798 sinis
674 756 741 800 esse
763 757 843 802 meo

510 871 661 882 --...-...

531 963 644 1038 vnn.

101 1085 171 1150 Seis
194 1086 256 1152 iter
278 1107 316 1149 ex
337 1085 443 1150 animo
466 1085 626 1150 sublatum
647 1088 738 1153 triste
760 1088 906 1172 puellae?

144 1169 256 1234 Natali
277 1169 397 1234 Romae
419 1171 483 1234 iem
505 1169 581 1235 lieet
602 1193 671 1235 esse
694 1177 758 1236 tuo.
871 1173 872 1176 ’

100 1253 259 1320 Omnibus
282 1253 335 1318 ille
358 1254 425 1318 dies
447 1253 540 1318 nobis
562 1255 697 1339 genialis
722 1259 848 1341 agatur,

145 1337 206 1412 Qui
228 1359 287 1402 nee
310 1339 455 1422 opinanti
477 1360 563 1402 nuno
584 1339 644 1404 tibi
666 1340 748 1404 forte
771 1343 867 1405 venit

510 1475 662 1487 -ι

562 1569 607 1645 X·
656 1573 663 1586 .

101 1690 286 1773 Gratumst‚
310 1711 438 1756 securus
460 1693 595 1755 multum
619 1693 703 1775 quod
725 1693 789 1756 iam
811 1694 871 1756 tibi
893 1694 932 1758 de
954 1675 1005 1760 mo

142 1775 322 1857 Permittis,
346 1775 450 1840 subito
472 1797 514 1838 ne
535 1777 618 1839 male
640 1778 749 1860 inepta
771 1777 897 1859 eadam,

7 1923 10 1944 ‚
102 1857 137 1924 Si
157 1859 219 1923 tibi
242 1881 317 1922 eura
336 1861 432 1944 togae
454 1860 561 1942 potior
582 1881 789 1942 pressumque
811 1861 946 1944 quasillo
1080 1917 1081 1920 ,
1193 1918 1196 1929 .

145 1941 294 2008 Scortum
316 1963 411 2026 quem
433 1941 524 2008 Servi
545 1943 611 2006 filie
633 1941 787 2028 Sulpicia:

101 2025 239 2092 Solliciti
263 2033 338 2090 sunt
358 2048 416 2110 pro
438 2027 547 2109 nobis,
570 2027 684 2110 quibus
706 2027 763 2090 illa
784 2027 920 2112 doloris,
1052 2039 1068 2091 s

144 2111 195 2176 Ne
218 2111 328 2176 oedem
349 2111 478 2200 ignoto,
503 2111 642 2194 maxima
664 2133 774 2195 eausa,
796 2115 879 2177 toro.
909 2161 910 2168 κ

102 2465 205 2530 Estne
226 2465 303 2548 tibi,
326 2463 492 2547 Cerintho,
514 2468 587 2530 tuae
609 2465 663 2548 pia
685 2487 760 2530 oure
781 2467 919 2550 puellae,

147 2549 240 2625 Quod
260 2571 332 2614 mee
352 2571 439 2614 nuno
460 2552 554 2614 vexet
576 2569 709 2632 corpora
730 2549 815 2614 iesse
837 2550 949 2616 color?

102 2635 134 2698 A
157 2655 218 2719 ego
240 2655 308 2698 non
330 2634 422 2698 aliter
443 2635 550 2700 tristes
573 2633 717 2698 evincere
738 2635 869 2699 morbOs

148 2717 309 2802 Opterim,
333 2739 428 2802 quem
449 2721 482 2782 te
504 2719 532 2782 si
554 2737 679 2801 quoque
700 2719 782 2782 velle
803 2723 923 2803 putem.

103 2804 151 2865 At
172 2801 251 2866 mihi
274 2801 348 2885 quid
370 2803 473 2887 prosit
494 2804 623 2866 morbos
646 2802 807 2884 evincere,
832 2825 904 2868 oum
926 2806 962 2868 tu
1054 2814 1070 2864 o

147 2885 268 2951 Nostra
287 2891 379 2970 potes
401 2887 488 2951 lento
511 2889 640 2969 peetore
662 2885 745 2952 ferre
767 2887 873 2950 mala?

512 3030 662 3040 ——-—--

548 3135 628 3210 XII.

102 3255 154 3325 Ne
175 3257 329 3340 sipisim,
351 3277 422 3322 mea
441 3257 510 3340 lux,
532 3278 631 3340 aeque
651 3257 715 3320 iam
735 3255 857 3319 fervido
878 3275 967 3338 eura,
987 3279 991 3285 ·

54 3361 58 3368 ’
145 3343 196 3405 Ao
217 3341 328 3406 videor
348 3363 468 3426 paucos
490 3341 564 3404 ente
585 3341 685 3406 fuisse
708 3339 789 3421 dies,
807 3386 810 3391 ·

100 3425 157 3492 Sio
180 3426 350 3510 quiequam
371 3429 441 3490 tote
463 3424 597 3490 conmisi
619 3423 719 3489 stulte
739 3423 883 3506 iuventa,

145 3509 246 3576 Cuius
269 3533 320 3576 me
343 3510 444 3574 fatear
465 3509 660 3594 paenituisse
682 3509 800 3592 magis,
