2636 4146
80 251 153 320 1111]
504 253 612 309 urens
632 211 684 311 v(
982 251 1040 316 101

80 413 253 478 Oulinam
275 413 315 478 ad
336 417 459 480 vestros
481 416 608 480 sedeam
631 417 756 502 captiva
778 417 925 501 Penates,

120 495 206 561 Dum
228 498 353 580 captiva
373 499 437 564 mei
459 520 535 564 cons
559 499 624 565 icer
645 522 702 565 ora
723 501 805 566 Tati.

79 581 218 646 Romani
238 584 365 646 menies
387 585 420 646 ei
440 523 603 649 montiirus
625 584 733 650 addita
753 585 856 652 Roma
1007 600 1040 649 31

120 665 165 729 El
184 665 290 730 valeat
332 666 427 730 robro
449 666 551 733 Vesta
571 669 721 753 pudenda
741 691 822 735 meo.

79 749 137 814 Ille
159 770 276 832 equus,
301 750 353 814 'le
374 771 462 816 meos
484 752 520 816 in
542 756 645 818 casira
666 757 801 838 repones
821 775 955 840 amores,

7 845 8 866 ³
121 833 180 899 Oui
202 833 312 898 Tafius
326 833 454 900 demas
476 837 612 902 collocat
632 837 701 922 ipse
722 838 823 903 iubas.

79 916 162 993 Quid
182 918 299 982 mirum
320 919 355 982 in
376 920 498 1003 patrios
520 919 659 1005 Scyllam
681 923 819 987 saevisse
841 923 984 1008 capillos,

7 1009 8 1052 l
121 1001 323 1099 Candidaque
345 1003 381 1067 in
403 1025 513 1069 saevos
535 1005 669 1090 inguina
690 1027 781 1070 versa
803 1007 929 1072 canes?
1005 1021 1039 1070 40

78 1085 206 1150 Pr0di’oa
227 1085 303 1170 qurd
323 1086 441 1152 mirum
462 1089 596 1153 fraterni
611 1109 731 1154 cornua
750 1091 898 1175 monadi,

121 1169 201 1235 Cum
223 1167 328 1254 patuli
348 1171 431 1236 lecto
454 1173 591 1238 stamine
612 1177 699 1238 toria
720 1174 793 1238 via?
1005 1185 1006 1188 ’

78 1253 238 1330 Quantum
260 1275 321 1340 ego
343 1275 414 1320 sum
427 1257 577 1322 Ausoniis
599 1259 719 1322 crimen
733 1258 856 1324 faciura
870 1259 995 1344 puellis,

120 1337 260 1422 Inproba
281 1339 426 1424 virgineo
449 1341 532 1405 lecta
552 1342 701 1406 ministra
720 1343 808 1408 foco!

78 1422 225 1486 Pallados
247 1423 404 1488 extinctos
426 1423 525 1509 siquis
546 1425 714 1492 mirabitur
735 1427 838 1512 ignes,
1004 1442 1037 1491 45

120 1506 288 1590 Ignoscat:
311 1507 450 1573 lacrimis
472 1510 636 1595 spargitur
656 1532 711 1575 ara
731 1512 820 1576 meis.

78 1591 165 1674 Cras,
186 1595 223 1654 ut
242 1611 351 1655 rumor
372 1592 431 1677 aii,
453 1595 523 1657 tota
542 1595 738 1680 pugnabiiur
759 1597 851 1660 urbe:

116 1675 168 1739 Tu
190 1695 264 1740 cave
287 1676 409 1759 spinosi
430 1677 537 1741 rorida
556 1681 650 1762 terga
670 1678 748 1762 iugi.

76 1759 213 1823 Lubrica
233 1761 303 1824 oola
324 1760 405 1824 viasi
427 1764 461 1825 at
480 1760 615 1846 perfida:
638 1761 755 1845 quippe
776 1765 917 1828 iacentes

119 1841 240 1908 Fallaci
263 1843 345 1908 celat
366 1845 468 1909 limite
491 1867 616 1929 semper
638 1866 765 1929 aquas..
820 1896 827 1910 .
1004 1860 1038 1912 50

77 1927 105 1992 Ο
128 1927 251 1991 utinam
273 1927 416 2013 magicae
438 1951 567 1993 nossem
590 1930 771 1994 condamina
792 1929 916 1996 Musae!

120 2010 208 2076 Haec
229 2015 354 2096 quoque
375 2013 515 2078 formoso
538 2013 648 2100 lingua
666 2014 796 2079 tulisset
816 2033 918 2162 oplem.

76 2095 122 2160 Te
137 2099 215 2180 loga
229 2096 314 2180 picta
328 2095 428 2180 decet,
443 2119 510 2162 non
525 2119 618 2182 quem
634 2099 702 2164 sine
716 2098 826 2164 mairie
865 2119 964 2164 onore

119 2179 230 2245 Nulm't
251 2178 448 2304 inhumanae,=
465 2182 542 2247 dura
563 2183 694 2306 papilla*
704 2183 806 2268 lupae.

75 2347 160 2430 iSic
181 2347 298 2432 hospes
320 2351 482 2433 pariamne
503 2313 694 2435 lua*regina
714 2351 773 2416 sub
795 2354 875 2437 aula,
1003 2365 1038 2417 55

119 2431 186 2496 Dos
207 2431 268 2496 libi
289 2455 357 2497 non
376 2432 505 2498 humilis
526 2435 653 2517 prodire
674 2434 777 2500 Roma
798 2437 895 2501 venit.

76 2517 111 2581 Si
132 2517 255 2600 minus,
279 2521 313 2581 at
333 2539 369 2580 ra
391 2521 443 2582 lae
463 2539 505 2583 ne
527 2518 593 2584 sini
613 2519 732 2604 inpune
755 2518 905 2586 Sabinae:

119 2599 171 2664 Me
192 2623 268 2685 rape
291 2605 324 2666 et
345 2539 469 2666 alierna
489 2601 562 2690 lege
583 2603 722 2690 repende
743 2604 836 2669 vices.

76 2685 260 2750 Oonmissas
283 2686 365 2750 acies
388 2708 405 2750 e
430 2708 449 2751 o
494 2709 602 2753 ossum
617 2689 754 2754 solvere:
778 2693 906 2774 nuptae,

119 2769 185 2834 Vos
207 2769 345 2834 medium
367 2707 453 2854 palla
471 2710 590 2843 loedus
606 2773 687 2838 inite
708 2795 787 2838 mea.
1004 2788 1038 2838 oo

75 2853 168 2918 Adde
201 2853 386 2938 Hymenaee
418 2853 544 2938 modos,
576 2856 705 2923 lubicen
736 2858 804 3004 εἴη
835 2880 996 2924 murmura

684 2961 745 3004 con
767 2961 799 3004 e:

119 3022 255 3108 credie,
277 3026 383 3088 vestra
405 3044 494 3088 meus
516 3022 641 3088 molliet
662 3028 870 3090 armatarus.

9 3097 12 3256 t
74 3107 132 3172 sec
152 3107 217 3172 iam
238 3111 352 3192 quarta
373 3107 459 3172 canii
479 3111 645 3173 venturam
667 3107 783 3172 bucina
803 3109 916 3196 lucem,

117 3189 253 3275 Ipsaque
274 3191 310 3255 in
332 3190 493 3258 Oceanum
515 3191 619 3256 sidera
638 3192 730 3276 lapsa
752 3191 879 3258 cadunt.

9 3261 32 3338 l..
73 3276 125 3342 Ex
150 3275 232 3340 eriar
253 3296 410 3358 somnum,
433 3276 472 3340 de
493 3279 527 3340 te
548 3274 628 3340 mihi
649 3277 774 3341 somnia
796 3297 960 3360 quaeram:
1003 3291 1037 3345 os
1146 3284 1148 3287 ’

9 3433 10 3448 ¹
143 3380 181 3424 ac
201 3359 310 3424 venias
331 3359 432 3425 oculis
452 3359 566 3424 umbra
587 3358 728 3458 benigna
748 3362 851 3427 meis'

9 3455 10 3528 l
71 3444 174 3526 Dixit,
197 3447 230 3508 ei
250 3443 373 3509 incerto
395 3443 541 3528 permisit
560 3443 691 3508 brachia
712 3467 836 3532 somno,

9 3533 10 3596 J
114 3527 235 3595 Nescia
256 3548 290 3593 se
311 3528 404 3595 furiis
427 3527 611 3594 accubuisse
633 3529 735 3596 novis.
