2636 4146
95 210 173 278 ΧΠ]
488 209 596 262 urnac
617 208 679 262 1111.
1024 199 1064 262 79

95 369 192 434 Felix
215 367 290 431 llois
312 369 364 432 lex
385 367 506 432 funeris
528 391 593 432 una
614 370 752 451 maritis,
1032 378 1063 428 15

143 453 231 528 Quos
253 453 378 516 Aurora
400 453 464 516 suis
485 453 582 517 rubra
604 453 726 518 colorat
747 453 845 535 equis.

95 537 246 620 Namque
268 535 323 600 ubi
345 537 510 601 mortifero
533 539 648 601 iactast
669 537 722 602 fax
744 537 857 600 ultima
878 536 977 619 lecto,

142 619 287 686 onrum
308 620 388 684 fusis
411 621 476 684 stat
497 621 551 704 pia
571 621 802 702 turba'comis,

3 783 4 786 Ἴ
96 704 144 768 Et
167 707 328 768 certamen
349 703 470 768 habent
491 705 562 788 leti,
586 726 667 788 quae
688 704 760 768 viva
782 707 931 786 sequatur

144 787 352 873 Coniugium:
374 787 477 872 pudor
499 791 634 852 estnon
655 788 782 852 licuisse
804 788 893 850 mori.
1031 799 1064 848 20

98 871 228 936 Ardent
248 873 393 936 victrices
417 875 449 936 et
468 872 613 936 flammae
633 875 763 956 pectora
783 871 951 954 praebent,

143 955 370 1040 Inponuntque
393 957 458 1020 suis
481 977 536 1020 ora
556 959 686 1039 perusta
707 956 791 1019 viris.

99 1039 165 1104 Hic
187 1061 288 1124 genus
310 1039 443 1104 infidum
463 1042 653 1123 nuptarum,
675 1039 729 1103 hic
750 1039 839 1104 nulla
859 1039 965 1124 puella

144 1123 215 1188 Nee
235 1123 298 1187 fida
318 1123 474 1189 Euhadne
495 1143 555 1188 neo
575 1124 629 1206 pia
650 1122 819 1206 Penelope.
968 1183 969 1186 ,

101 1207 194 1273 Felix
216 1211 377 1292 agrestum
400 1207 560 1292 quondam
581 1209 693 1291 pacata
714 1207 876 1290 iuventus,
1031 1219 1063 1268 25
1166 1281 1167 1286 γ

145 1289 285 1356 Divitiae
305 1312 439 1376 quorum
460 1291 572 1355 messis
595 1296 627 1355 et
648 1291 741 1354 arbor
762 1293 860 1354 erant.

3 1395 4 1428 ³
101 1375 173 1441 Illis
195 1397 310 1441 munus
333 1378 402 1440 erat
423 1375 554 1444 decussa
576 1373 720 1458 Cydonia
741 1396 829 1438 ramo

145 1459 191 1523 Et
212 1459 285 1524 dare
306 1460 448 1544 puniceis
469 1459 565 1542 plena
586 1460 725 1524 canistra
745 1459 848 1542 rubis,

3 1575 4 1580 ¹
103 1543 208 1618 Nunc
222 1544 323 1609 violas
343 1543 476 1607 tondere
498 1565 612 1626 manu,
634 1565 720 1608 nunc
741 1543 841 1607 mixta
862 1543 980 1608 referre

145 1628 229 1692 Lilia
249 1627 410 1713 virgineos
432 1627 538 1691 lucida
559 1649 617 1710 per
638 1627 795 1710 calathos,
1032 1640 1065 1690 30

103 1711 149 1777 Et
169 1714 296 1796 portare
318 1712 383 1776 suis
404 1711 535 1774 vestitas
556 1711 722 1774 frondibus
744 1732 820 1776 uvas

3 1823 4 1854 a
146 1797 215 1859 Aut
235 1795 355 1860 variam
376 1795 504 1878 plumae
525 1793 725 1857 versicoloris
748 1815 846 1858 avem.

3 1911 4 1926 ¹
104 1879 165 1944 His
187 1883 256 1943 tum
277 1879 440 1944 blanditiis
462 1877 579 1942 furtiva
623 1899 656 1940 er
676 1879 768 1940 antra
788 1877 913 1960 puellae

149 1963 265 2028 Oscula
287 1963 438 2028 silvicolis
460 1963 567 2046 empta
611 1960 702 2026 edere
723 1961 809 2025 uiris.

105 2047 237 2112 Hinulei
258 2047 352 2131 pellis
375 2048 491 2110 strator
514 2044 659 2128 operibat
679 2047 837 2127 amantes,
1032 2060 1065 2109 35

25 2205 29 2214 ,
148 2132 286 2215 Altaque
306 2131 415 2194 nativo
438 2131 580 2194 creverat
599 2119 700 2194 belbe
721 2131 807 2213 tore,

105 2216 205 2282 Pinus
228 2219 260 2280 et
280 2215 467 2279 incumbens
488 2214 591 2278 lentas
614 2213 830 2279 circumdabat
849 2214 995 2298 umbras,

148 2299 218 2366 Nee
237 2299 343 2364 fuerat
363 2298 464 2364 nudas
485 2319 589 2382 poena
610 2297 716 2362 videre
738 2297 827 2380 deas,

106 2383 263 2468 Corniger
285 2386 379 2466 atque
401 2383 452 2446 dei
472 2403 605 2446 vacuam
617 2382 760 2528 tpastoris
782 2381 817 2444 in
838 2382 943 2446 aulam

149 2466 223 2532 Dux
244 2467 325 2532 aries
348 2469 469 2531 satiras
490 2465 559 2550 ipse
580 2486 616 2529 re
637 2465 706 2528 uxit
727 2485 816 2548 oves,
1033 2479 1066 2528 40

106 2551 212 2636 Dique
233 2551 372 2636 deaeque
394 2571 518 2633 omnes,
548 2549 662 2633 quibus
689 2551 738 2613 est
757 2549 858 2613 tutela
877 2571 935 2632 per
957 2570 1065 2634 agros,

149 2635 350 2700 Praebebunt
370 2635 484 2699 vestris
506 2635 603 2698 verba
624 2633 766 2719 benigna
785 2633 882 2698 focis:

107 2720 171 2785 ‘Et
191 2721 347 2804 leporem,
370 2719 558 2802 quicumque
579 2718 683 2802 venis,
706 2717 887 2802 venaberis,
914 2716 1045 2800 hospes,

149 2804 194 2868 Et
215 2806 242 2868 si
263 2804 346 2868 forte
368 2823 439 2867 meo
462 2803 591 2866 tramite
634 2803 737 2866 uaeris
760 2823 864 2866 avem:

106 2888 151 2954 Et
171 2910 223 2956 me
244 2887 334 2958 Paua
354 2887 415 2951 tibi
436 2886 585 2950 comitem
608 2823 646 2948 de
667 2907 745 2968 rupe
766 2888 896 2968 vocato,
1034 2896 1067 2946 45

151 2971 223 3036 Sive
244 2973 334 3056 petes
357 2971 477 3034 calamo
499 2968 653 3052 praemia,
677 2969 742 3032 sive
765 2977 864 3032 cane!

106 3057 154 3121 At
174 3077 259 3120 nunc
282 3055 413 3118 desertis
436 3056 561 3120 cessant
582 3051 720 3116 sacraria
740 3051 836 3115 lucis:

149 3139 273 3203 Aurum
295 3159 406 3203 omnes
428 3137 513 3202 victa
533 3137 597 3201 iam
619 3135 739 3220 pietate
761 3135 880 3200 colunt.

106 3226 196 3288 Auro
218 3223 311 3306 pulsa
331 3222 424 3306 fides,
447 3243 523 3286 auro
545 3220 669 3285 venalia
689 3219 772 3302 iura,

48 3309 58 3327 '
150 3309 273 3372 Aurum
295 3307 346 3370 lex
368 3307 523 3390 sequitur,
545 3327 621 3370 mox
642 3303 710 3368 sine
732 3303 803 3388 lege
824 3302 935 3386 pudor.
1036 3315 1068 3365 so

106 3391 242 3458 Torrida
264 3390 453 3475 sacrilegum
474 3391 632 3456 testantur
653 3387 763 3452 limina
784 3384 964 3470 Brennum,

150 3473 236 3540 Dum
257 3475 341 3560 petit
360 3473 482 3538 intonsi
503 3473 619 3560 Pythia
640 3475 740 3558 regna
762 3469 828 3536 dei:
