<?xml version="1.0" encoding="UTF-8"?>
<!DOCTYPE html PUBLIC "-//W3C//DTD XHTML 1.0 Transitional//EN"
    "http://www.w3.org/TR/xhtml1/DTD/xhtml1-transitional.dtd">
<html xmlns="http://www.w3.org/1999/xhtml" xml:lang="en" lang="en">
 <head>
  <title>
</title>
<meta http-equiv="Content-Type" content="text/html;charset=utf-8" />
  <meta name='ocr-system' content='tesseract 3.04.00' />
  <meta name='ocr-capabilities' content='ocr_page ocr_carea ocr_par ocr_line ocrx_word'/>
</head>
<body>
  <div class='ocr_page' id='page_1' title='image "./catullitibullip01catugoog_0374.png"; bbox 0 0 2632 4140; ppageno 0'>
   <div class='ocr_carea' id='block_1_1' title="bbox 209 263 788 328">
    <p class='ocr_par' dir='ltr' id='par_1_1' title="bbox 209 263 788 328">
     <span class='ocr_line' id='line_1_1' title="bbox 209 263 788 328; baseline -0.014 0"><span class='ocrx_word' id='word_1_1' title='bbox 209 279 232 328; x_wconf 82' lang='lat' dir='ltr'>L</span> <span class='ocrx_word' id='word_1_2' title='bbox 576 263 788 320; x_wconf 77' lang='lat' dir='ltr'>PRAEFATIO.</span> 
     </span>
    </p>
   </div>
   <div class='ocr_carea' id='block_1_2' title="bbox 209 426 1176 512">
    <p class='ocr_par' dir='ltr' id='par_1_2' title="bbox 209 426 1176 512">
     <span class='ocr_line' id='line_1_2' title="bbox 209 426 1176 512; baseline -0.002 -18"><span class='ocrx_word' id='word_1_3' title='bbox 209 435 354 512; x_wconf 88' lang='lat' dir='ltr'><strong>quosdam</strong></span> <span class='ocrx_word' id='word_1_4' title='bbox 366 435 542 512; x_wconf 87' lang='lat' dir='ltr'><strong>scriptorum</strong></span> <span class='ocrx_word' id='word_1_5' title='bbox 558 453 619 494; x_wconf 90' lang='lat' dir='ltr'><strong>non</strong></span> <span class='ocrx_word' id='word_1_6' title='bbox 634 426 754 494; x_wconf 86' lang='lat' dir='ltr'><strong>omnirio</strong></span> <span class='ocrx_word' id='word_1_7' title='bbox 767 433 917 510; x_wconf 81' lang='lat' dir='ltr'><strong>integram</strong></span> <span class='ocrx_word' id='word_1_8' title='bbox 930 433 1051 492; x_wconf 88' lang='lat' dir='ltr'><strong>labante</strong></span> <span class='ocrx_word' id='word_1_9' title='bbox 1064 431 1176 510; x_wconf 87' lang='lat' dir='ltr'><strong>prinoi-</strong></span> 
     </span>
    </p>
   </div>
   <div class='ocr_carea' id='block_1_3' title="bbox 147 518 1212 3540">
    <p class='ocr_par' dir='ltr' id='par_1_3' title="bbox 147 518 1207 1605">
     <span class='ocr_line' id='line_1_3' title="bbox 209 518 1177 596; baseline 0.001 -18"><span class='ocrx_word' id='word_1_10' title='bbox 209 521 271 596; x_wconf 89' lang='lat' dir='ltr'><strong>pali</strong></span> <span class='ocrx_word' id='word_1_11' title='bbox 285 520 460 594; x_wconf 85' lang='lat' dir='ltr'><strong>quantitate.</strong></span> <span class='ocrx_word' id='word_1_12' title='bbox 490 520 537 578; x_wconf 88' lang='lat' dir='ltr'><strong>Ita</strong></span> <span class='ocrx_word' id='word_1_13' title='bbox 552 521 589 578; x_wconf 93' lang='lat' dir='ltr'><strong>ab</strong></span> <span class='ocrx_word' id='word_1_14' title='bbox 604 518 709 578; x_wconf 89' lang='lat' dir='ltr'><strong>eodem</strong></span> <span class='ocrx_word' id='word_1_15' title='bbox 723 519 879 594; x_wconf 75' lang='lat' dir='ltr'>Propertio</span> <span class='ocrx_word' id='word_1_16' title='bbox 894 518 926 576; x_wconf 90' lang='lat' dir='ltr'><strong>id</strong></span> <span class='ocrx_word' id='word_1_17' title='bbox 940 518 1020 594; x_wconf 88' lang='lat' dir='ltr'><strong>quod</strong></span> <span class='ocrx_word' id='word_1_18' title='bbox 1034 521 1080 578; x_wconf 89' lang='lat' dir='ltr'><strong>est</strong></span> <span class='ocrx_word' id='word_1_19' title='bbox 1091 520 1177 591; x_wconf 75' lang='lat' dir='ltr'><strong>findo</strong></span> 
     </span>
     <span class='ocr_line' id='line_1_4' title="bbox 209 602 1178 664; baseline -0.002 -1"><span class='ocrx_word' id='word_1_20' title='bbox 209 605 406 664; x_wconf 85' lang='lat' dir='ltr'><strong>videturesse</strong></span> <span class='ocrx_word' id='word_1_21' title='bbox 421 604 587 662; x_wconf 90' lang='lat' dir='ltr'><strong>adhibitum</strong></span> <span class='ocrx_word' id='word_1_22' title='bbox 601 603 731 662; x_wconf 79' lang='lat' dir='ltr'><strong>trochaei</strong></span> <span class='ocrx_word' id='word_1_23' title='bbox 741 603 846 662; x_wconf 87' lang='lat' dir='ltr'><strong>instar.</strong></span> <span class='ocrx_word' id='word_1_24' title='bbox 862 602 975 660; x_wconf 80' lang='lat' dir='ltr'><strong>Eadem</strong></span> <span class='ocrx_word' id='word_1_25' title='bbox 986 604 1178 662; x_wconf 83' lang='lat' dir='ltr'><strong>excusatione</strong></span> 
     </span>
     <span class='ocr_line' id='line_1_5' title="bbox 209 686 1177 764; baseline 0 -18"><span class='ocrx_word' id='word_1_26' title='bbox 209 690 387 764; x_wconf 86' lang='lat' dir='ltr'><strong>mitigantur</strong></span> <span class='ocrx_word' id='word_1_27' title='bbox 412 707 448 746; x_wconf 87' lang='lat' dir='ltr'><strong>ex</strong></span> <span class='ocrx_word' id='word_1_28' title='bbox 472 687 635 762; x_wconf 88' lang='lat' dir='ltr'><strong>propositis</strong></span> <span class='ocrx_word' id='word_1_29' title='bbox 662 707 752 762; x_wconf 90' lang='lat' dir='ltr'><strong>supra</strong></span> <span class='ocrx_word' id='word_1_30' title='bbox 775 688 829 745; x_wconf 88' lang='lat' dir='ltr'><strong>illa</strong></span> <span class='ocrx_word' id='word_1_31' title='bbox 855 687 954 745; x_wconf 77' lang='lat' dir='ltr'><strong>‘credo</strong></span> <span class='ocrx_word' id='word_1_32' title='bbox 979 686 1048 762; x_wconf 81' lang='lat' dir='ltr'><strong>ego’</strong></span> <span class='ocrx_word' id='word_1_33' title='bbox 1073 687 1177 746; x_wconf 72' lang='lat' dir='ltr'><strong>‘nemo</strong></span> 
     </span>
     <span class='ocr_line' id='line_1_6' title="bbox 211 769 1178 848; baseline -0.003 -17"><span class='ocrx_word' id='word_1_34' title='bbox 211 773 295 831; x_wconf 84' lang='lat' dir='ltr'><strong>edeo’</strong></span> <span class='ocrx_word' id='word_1_35' title='bbox 312 777 395 848; x_wconf 81' lang='lat' dir='ltr'><strong>‘ergo</strong></span> <span class='ocrx_word' id='word_1_36' title='bbox 411 773 479 847; x_wconf 82' lang='lat' dir='ltr'><strong>ego’</strong></span> <span class='ocrx_word' id='word_1_37' title='bbox 496 771 585 829; x_wconf 87' lang='lat' dir='ltr'><strong>‘flebo</strong></span> <span class='ocrx_word' id='word_1_38' title='bbox 601 771 668 846; x_wconf 83' lang='lat' dir='ltr'><strong>ego&#39;</strong></span> <span class='ocrx_word' id='word_1_39' title='bbox 687 771 765 830; x_wconf 86' lang='lat' dir='ltr'><strong>‘iuro</strong></span> <span class='ocrx_word' id='word_1_40' title='bbox 780 771 848 847; x_wconf 84' lang='lat' dir='ltr'><strong>ego&#39;</strong></span> <span class='ocrx_word' id='word_1_41' title='bbox 864 769 939 829; x_wconf 79' lang='lat' dir='ltr'><strong>‘celo</strong></span> <span class='ocrx_word' id='word_1_42' title='bbox 954 773 1033 846; x_wconf 81' lang='lat' dir='ltr'><strong>ego’.</strong></span> <span class='ocrx_word' id='word_1_43' title='bbox 1048 771 1178 846; x_wconf 79' lang='lat' dir='ltr'>Reliqua</span> 
     </span>
     <span class='ocr_line' id='line_1_7' title="bbox 211 855 1177 931; baseline -0.002 -16"><span class='ocrx_word' id='word_1_44' title='bbox 211 860 311 916; x_wconf 89' lang='lat' dir='ltr'><strong>autem</strong></span> <span class='ocrx_word' id='word_1_45' title='bbox 330 858 465 931; x_wconf 86' lang='lat' dir='ltr'><strong>exempla</strong></span> <span class='ocrx_word' id='word_1_46' title='bbox 484 873 609 916; x_wconf 80' lang='lat' dir='ltr'><strong>evenere</strong></span> <span class='ocrx_word' id='word_1_47' title='bbox 629 855 727 913; x_wconf 89' lang='lat' dir='ltr'><strong>autin</strong></span> <span class='ocrx_word' id='word_1_48' title='bbox 746 855 883 914; x_wconf 86' lang='lat' dir='ltr'><strong>formulis</strong></span> <span class='ocrx_word' id='word_1_49' title='bbox 896 855 1055 914; x_wconf 83' lang='lat' dir='ltr'><strong>verborum</strong></span> <span class='ocrx_word' id='word_1_50' title='bbox 1070 855 1177 930; x_wconf 85' lang='lat' dir='ltr'><strong>quales</strong></span> 
     </span>
     <span class='ocr_line' id='line_1_8' title="bbox 211 939 1176 1016; baseline -0.003 -16"><span class='ocrx_word' id='word_1_51' title='bbox 211 943 282 1000; x_wconf 86' lang='lat' dir='ltr'><strong>sunt</strong></span> <span class='ocrx_word' id='word_1_52' title='bbox 295 941 369 1000; x_wconf 70' lang='lat' dir='ltr'><strong>‘vidi</strong></span> <span class='ocrx_word' id='word_1_53' title='bbox 384 941 451 1016; x_wconf 87' lang='lat' dir='ltr'><strong>ego’</strong></span> <span class='ocrx_word' id='word_1_54' title='bbox 467 939 567 998; x_wconf 79' lang='lat' dir='ltr'><strong>‘credo</strong></span> <span class='ocrx_word' id='word_1_55' title='bbox 579 941 646 1016; x_wconf 84' lang='lat' dir='ltr'><strong>ago’</strong></span> <span class='ocrx_word' id='word_1_56' title='bbox 663 939 725 997; x_wconf 78' lang='lat' dir='ltr'><strong>‘odi</strong></span> <span class='ocrx_word' id='word_1_57' title='bbox 739 939 808 1014; x_wconf 85' lang='lat' dir='ltr'><strong>ego’</strong></span> <span class='ocrx_word' id='word_1_58' title='bbox 825 940 898 998; x_wconf 78' lang='lat' dir='ltr'><strong>‘dixi</strong></span> <span class='ocrx_word' id='word_1_59' title='bbox 913 941 980 1014; x_wconf 86' lang='lat' dir='ltr'><strong>ego’</strong></span> <span class='ocrx_word' id='word_1_60' title='bbox 997 939 1090 998; x_wconf 74' lang='lat' dir='ltr'><strong>‘sensi</strong></span> <span class='ocrx_word' id='word_1_61' title='bbox 1103 939 1176 1014; x_wconf 84' lang='lat' dir='ltr'><strong>ego&#39;</strong></span> 
     </span>
     <span class='ocr_line' id='line_1_9' title="bbox 210 1023 1177 1100; baseline -0.002 -18"><span class='ocrx_word' id='word_1_62' title='bbox 210 1025 361 1100; x_wconf 70' lang='lat' dir='ltr'><strong>‘respondi</strong></span> <span class='ocrx_word' id='word_1_63' title='bbox 372 1026 440 1100; x_wconf 80' lang='lat' dir='ltr'><strong>ego&#39;</strong></span> <span class='ocrx_word' id='word_1_64' title='bbox 455 1024 565 1099; x_wconf 84' lang='lat' dir='ltr'><strong>ubique</strong></span> <span class='ocrx_word' id='word_1_65' title='bbox 577 1025 613 1082; x_wconf 90' lang='lat' dir='ltr'><strong>ut</strong></span> <span class='ocrx_word' id='word_1_66' title='bbox 621 1023 704 1082; x_wconf 91' lang='lat' dir='ltr'><strong>vides</strong></span> <span class='ocrx_word' id='word_1_67' title='bbox 717 1026 859 1098; x_wconf 89' lang='lat' dir='ltr'><strong>sequente</strong></span> <span class='ocrx_word' id='word_1_68' title='bbox 869 1023 1045 1100; x_wconf 83' lang='lat' dir='ltr'><strong>pronomine</strong></span> <span class='ocrx_word' id='word_1_69' title='bbox 1060 1023 1177 1097; x_wconf 83' lang='lat' dir='ltr'><strong>primae</strong></span> 
     </span>
     <span class='ocr_line' id='line_1_10' title="bbox 209 1105 1178 1185; baseline -0.002 -19"><span class='ocrx_word' id='word_1_70' title='bbox 209 1127 355 1185; x_wconf 88' lang='lat' dir='ltr'><strong>personae</strong></span> <span class='ocrx_word' id='word_1_71' title='bbox 376 1112 428 1168; x_wconf 90' lang='lat' dir='ltr'><strong>aut</strong></span> <span class='ocrx_word' id='word_1_72' title='bbox 446 1109 564 1167; x_wconf 88' lang='lat' dir='ltr'><strong>iniectis</strong></span> <span class='ocrx_word' id='word_1_73' title='bbox 579 1107 750 1167; x_wconf 82' lang='lat' dir='ltr'><strong>nominibus</strong></span> <span class='ocrx_word' id='word_1_74' title='bbox 765 1107 895 1182; x_wconf 90' lang='lat' dir='ltr'><strong>propriis</strong></span> <span class='ocrx_word' id='word_1_75' title='bbox 918 1105 988 1165; x_wconf 75' lang='lat' dir='ltr'><strong>‘Ino</strong></span> <span class='ocrx_word' id='word_1_76' title='bbox 1003 1108 1110 1165; x_wconf 90' lang='lat' dir='ltr'><strong>etiam’</strong></span> <span class='ocrx_word' id='word_1_77' title='bbox 1132 1106 1178 1164; x_wconf 75' lang='lat' dir='ltr'><strong>‘et</strong></span> 
     </span>
     <span class='ocr_line' id='line_1_11' title="bbox 209 1191 1177 1268; baseline -0.002 -18"><span class='ocrx_word' id='word_1_78' title='bbox 209 1193 324 1252; x_wconf 88' lang='lat' dir='ltr'><strong>Baccho</strong></span> <span class='ocrx_word' id='word_1_79' title='bbox 345 1196 376 1251; x_wconf 90' lang='lat' dir='ltr'><strong>et</strong></span> <span class='ocrx_word' id='word_1_80' title='bbox 395 1193 536 1268; x_wconf 80' lang='lat' dir='ltr'><strong>Apolline</strong></span> <span class='ocrx_word' id='word_1_81' title='bbox 558 1191 688 1250; x_wconf 84' lang='lat' dir='ltr'><strong>dextro&#39;.</strong></span> <span class='ocrx_word' id='word_1_82' title='bbox 732 1191 868 1266; x_wconf 77' lang='lat' dir='ltr'>Apparet</span> <span class='ocrx_word' id='word_1_83' title='bbox 886 1193 946 1249; x_wconf 91' lang='lat' dir='ltr'><strong>iam</strong></span> <span class='ocrx_word' id='word_1_84' title='bbox 971 1193 1083 1266; x_wconf 86' lang='lat' dir='ltr'><strong>quanta</strong></span> <span class='ocrx_word' id='word_1_85' title='bbox 1107 1209 1177 1248; x_wconf 91' lang='lat' dir='ltr'><strong>oum</strong></span> 
     </span>
     <span class='ocr_line' id='line_1_12' title="bbox 147 1275 1178 1352; baseline -0.003 -17"><span class='ocrx_word' id='word_1_86' title='bbox 147 1299 150 1304; x_wconf 91' lang='lat'>·</span> <span class='ocrx_word' id='word_1_87' title='bbox 211 1295 282 1334; x_wconf 88' lang='lat' dir='ltr'><strong>eura</strong></span> <span class='ocrx_word' id='word_1_88' title='bbox 304 1277 443 1335; x_wconf 79' lang='lat' dir='ltr'><strong>elisiones</strong></span> <span class='ocrx_word' id='word_1_89' title='bbox 468 1278 537 1334; x_wconf 87' lang='lat' dir='ltr'><strong>illas</strong></span> <span class='ocrx_word' id='word_1_90' title='bbox 562 1275 731 1334; x_wconf 85' lang='lat' dir='ltr'><strong>adbibuerit</strong></span> <span class='ocrx_word' id='word_1_91' title='bbox 754 1275 938 1352; x_wconf 85' lang='lat' dir='ltr'><strong>Propertius,</strong></span> <span class='ocrx_word' id='word_1_92' title='bbox 965 1293 1054 1349; x_wconf 86' lang='lat' dir='ltr'><strong>quem</strong></span> <span class='ocrx_word' id='word_1_93' title='bbox 1078 1293 1178 1350; x_wconf 89' lang='lat' dir='ltr'><strong>neque</strong></span> 
     </span>
     <span class='ocr_line' id='line_1_13' title="bbox 209 1355 1179 1438; baseline -0.002 -20"><span class='ocrx_word' id='word_1_94' title='bbox 209 1361 286 1418; x_wconf 92' lang='lat' dir='ltr'><strong>illud</strong></span> <span class='ocrx_word' id='word_1_95' title='bbox 300 1362 451 1436; x_wconf 83' lang='lat' dir='ltr'><strong>scripsisse</strong></span> <span class='ocrx_word' id='word_1_96' title='bbox 468 1355 517 1438; x_wconf 84' lang='lat' dir='ltr'><strong>[V‚</strong></span> <span class='ocrx_word' id='word_1_97' title='bbox 532 1361 559 1433; x_wconf 86' lang='lat'><strong>1,</strong></span> <span class='ocrx_word' id='word_1_98' title='bbox 572 1355 624 1438; x_wconf 79' lang='lat'><strong>36]</strong></span> <span class='ocrx_word' id='word_1_99' title='bbox 641 1357 707 1418; x_wconf 83' lang='lat' dir='ltr'><strong>‘hac</strong></span> <span class='ocrx_word' id='word_1_100' title='bbox 720 1360 773 1418; x_wconf 90' lang='lat' dir='ltr'><strong>ubi</strong></span> <span class='ocrx_word' id='word_1_101' title='bbox 787 1360 915 1418; x_wconf 80' lang='lat' dir='ltr'><strong>Fidenas</strong></span> <span class='ocrx_word' id='word_1_102' title='bbox 928 1359 1019 1434; x_wconf 83' lang='lat' dir='ltr'><strong>longe</strong></span> <span class='ocrx_word' id='word_1_103' title='bbox 1033 1361 1098 1417; x_wconf 88' lang='lat' dir='ltr'><strong>erat</strong></span> <span class='ocrx_word' id='word_1_104' title='bbox 1111 1361 1179 1417; x_wconf 88' lang='lat' dir='ltr'><strong>erat</strong></span> 
     </span>
     <span class='ocr_line' id='line_1_14' title="bbox 209 1439 1207 1522; baseline -0.001 -21"><span class='ocrx_word' id='word_1_105' title='bbox 209 1443 269 1502; x_wconf 87' lang='lat' dir='ltr'><strong>isse</strong></span> <span class='ocrx_word' id='word_1_106' title='bbox 289 1444 350 1503; x_wconf 85' lang='lat' dir='ltr'><strong>vie&#39;</strong></span> <span class='ocrx_word' id='word_1_107' title='bbox 371 1447 402 1502; x_wconf 88' lang='lat' dir='ltr'><strong>et</strong></span> <span class='ocrx_word' id='word_1_108' title='bbox 421 1444 519 1502; x_wconf 90' lang='lat' dir='ltr'><strong>minus</strong></span> <span class='ocrx_word' id='word_1_109' title='bbox 539 1444 629 1502; x_wconf 88' lang='lat' dir='ltr'><strong>etiam</strong></span> <span class='ocrx_word' id='word_1_110' title='bbox 652 1439 718 1522; x_wconf 87' lang='grc' dir='ltr'>[ΠΙ,</span> <span class='ocrx_word' id='word_1_111' title='bbox 736 1445 786 1518; x_wconf 89' lang='grc'><strong>32,</strong></span> <span class='ocrx_word' id='word_1_112' title='bbox 803 1439 833 1522; x_wconf 86' lang='grc'><strong>5]</strong></span> <span class='ocrx_word' id='word_1_113' title='bbox 856 1443 957 1503; x_wconf 81' lang='lat' dir='ltr'><strong>‘curve</strong></span> <span class='ocrx_word' id='word_1_114' title='bbox 971 1446 1003 1502; x_wconf 86' lang='lat' dir='ltr'><strong>te</strong></span> <span class='ocrx_word' id='word_1_115' title='bbox 1016 1443 1049 1501; x_wconf 91' lang='lat' dir='ltr'><strong>in</strong></span> <span class='ocrx_word' id='word_1_116' title='bbox 1062 1443 1178 1502; x_wconf 88' lang='lat' dir='ltr'><strong>Hercu·</strong></span> <span class='ocrx_word' id='word_1_117' title='bbox 1202 1509 1207 1516; x_wconf 45' lang='grc'>,</span> 
     </span>
     <span class='ocr_line' id='line_1_15' title="bbox 209 1526 679 1605; baseline -0.004 -19"><span class='ocrx_word' id='word_1_118' title='bbox 209 1526 302 1586; x_wconf 91' lang='lat' dir='ltr'><strong>leum&#39;</strong></span> <span class='ocrx_word' id='word_1_119' title='bbox 318 1529 408 1603; x_wconf 84' lang='lat' dir='ltr'><strong>supra</strong></span> <span class='ocrx_word' id='word_1_120' title='bbox 423 1527 679 1605; x_wconf 82' lang='lat' dir='ltr'><strong>conprobavimus.</strong></span> 
     </span>
    </p>

    <p class='ocr_par' dir='ltr' id='par_1_4' title="bbox 203 1605 1212 2696">
     <span class='ocr_line' id='line_1_16' title="bbox 272 1605 1178 1688; baseline -0.001 -18"><span class='ocrx_word' id='word_1_121' title='bbox 272 1611 356 1670; x_wconf 91' lang='lat' dir='ltr'><strong>Idem</strong></span> <span class='ocrx_word' id='word_1_122' title='bbox 385 1611 562 1688; x_wconf 75' lang='lat' dir='ltr'><strong>aliquotiens</strong></span> <span class='ocrx_word' id='word_1_123' title='bbox 587 1611 714 1670; x_wconf 90' lang='lat' dir='ltr'><strong>iambica</strong></span> <span class='ocrx_word' id='word_1_124' title='bbox 742 1611 828 1671; x_wconf 90' lang='lat' dir='ltr'><strong>elidit</strong></span> <span class='ocrx_word' id='word_1_125' title='bbox 855 1613 1031 1688; x_wconf 78' lang='lat' dir='ltr'><strong>insequente</strong></span> <span class='ocrx_word' id='word_1_126' title='bbox 1061 1605 1178 1687; x_wconf 78' lang='lat' dir='ltr'><strong>syllaba</strong></span> 
     </span>
     <span class='ocr_line' id='line_1_17' title="bbox 203 1695 1176 1772; baseline 0.002 -20"><span class='ocrx_word' id='word_1_127' title='bbox 203 1697 309 1771; x_wconf 81' lang='lat' dir='ltr'><strong>-gravi,</strong></span> <span class='ocrx_word' id='word_1_128' title='bbox 335 1713 390 1755; x_wconf 90' lang='lat' dir='ltr'><strong>nec</strong></span> <span class='ocrx_word' id='word_1_129' title='bbox 409 1697 509 1755; x_wconf 88' lang='lat' dir='ltr'><strong>minus</strong></span> <span class='ocrx_word' id='word_1_130' title='bbox 530 1696 689 1772; x_wconf 80' lang='lat' dir='ltr'><strong>spondiaco</strong></span> <span class='ocrx_word' id='word_1_131' title='bbox 714 1697 889 1756; x_wconf 78' lang='lat' dir='ltr'><strong>succedente</strong></span> <span class='ocrx_word' id='word_1_132' title='bbox 915 1699 1010 1754; x_wconf 87' lang='lat' dir='ltr'><strong>acuta.</strong></span> <span class='ocrx_word' id='word_1_133' title='bbox 1050 1695 1176 1754; x_wconf 85' lang='lat' dir='ltr'><strong>Vocales</strong></span> 
     </span>
     <span class='ocr_line' id='line_1_18' title="bbox 211 1779 1212 1855; baseline -0.001 -17"><span class='ocrx_word' id='word_1_134' title='bbox 211 1779 340 1838; x_wconf 79' lang='lat' dir='ltr'><strong>Graecae</strong></span> <span class='ocrx_word' id='word_1_135' title='bbox 355 1781 444 1840; x_wconf 92' lang='lat' dir='ltr'><strong>elisae</strong></span> <span class='ocrx_word' id='word_1_136' title='bbox 458 1781 505 1840; x_wconf 91' lang='lat' dir='ltr'><strong>bis</strong></span> <span class='ocrx_word' id='word_1_137' title='bbox 520 1782 552 1840; x_wconf 89' lang='lat' dir='ltr'><strong>in</strong></span> <span class='ocrx_word' id='word_1_138' title='bbox 567 1781 696 1840; x_wconf 84' lang='lat' dir='ltr'><strong>carmine</strong></span> <span class='ocrx_word' id='word_1_139' title='bbox 712 1781 751 1840; x_wconf 84' lang='grc'><strong>28</strong></span> <span class='ocrx_word' id='word_1_140' title='bbox 767 1782 788 1839; x_wconf 88' lang='grc'>1.</span> <span class='ocrx_word' id='word_1_141' title='bbox 804 1781 859 1855; x_wconf 92' lang='grc' dir='ltr'><strong>ΙΠ,</strong></span> <span class='ocrx_word' id='word_1_142' title='bbox 882 1801 930 1840; x_wconf 83' lang='lat' dir='ltr'><strong>vv.</strong></span> <span class='ocrx_word' id='word_1_143' title='bbox 948 1781 986 1840; x_wconf 88' lang='grc'><strong>19</strong></span> <span class='ocrx_word' id='word_1_144' title='bbox 1002 1782 1033 1838; x_wconf 88' lang='lat' dir='ltr'><strong>et</strong></span> <span class='ocrx_word' id='word_1_145' title='bbox 1048 1780 1088 1838; x_wconf 89' lang='grc'><strong>23</strong></span> <span class='ocrx_word' id='word_1_146' title='bbox 1108 1779 1176 1838; x_wconf 70' lang='lat' dir='ltr'><strong>‘Ino</strong></span> <span class='ocrx_word' id='word_1_147' title='bbox 1206 1808 1212 1820; x_wconf 94' lang='lat'>·</span> 
     </span>
     <span class='ocr_line' id='line_1_19' title="bbox 212 1862 1175 1940; baseline 0 -18"><span class='ocrx_word' id='word_1_148' title='bbox 212 1864 315 1922; x_wconf 89' lang='lat' dir='ltr'><strong>etiam&#39;</strong></span> <span class='ocrx_word' id='word_1_149' title='bbox 338 1863 474 1924; x_wconf 74' lang='lat' dir='ltr'><strong>‘Callisto</strong></span> <span class='ocrx_word' id='word_1_150' title='bbox 489 1863 644 1924; x_wconf 83' lang='lat' dir='ltr'><strong>Arcadios’</strong></span> <span class='ocrx_word' id='word_1_151' title='bbox 653 1886 661 1938; x_wconf 83' lang='lat'><em>3</em></span> <span class='ocrx_word' id='word_1_152' title='bbox 677 1867 839 1940; x_wconf 86' lang='lat' dir='ltr'><strong>praeterea,</strong></span> <span class='ocrx_word' id='word_1_153' title='bbox 859 1867 895 1923; x_wconf 91' lang='lat' dir='ltr'><strong>ut</strong></span> <span class='ocrx_word' id='word_1_154' title='bbox 907 1863 1036 1937; x_wconf 80' lang='lat' dir='ltr'><strong>ridetur,</strong></span> <span class='ocrx_word' id='word_1_155' title='bbox 1051 1862 1107 1936; x_wconf 94' lang='grc' dir='ltr'><strong>ΙΠ,</strong></span> <span class='ocrx_word' id='word_1_156' title='bbox 1125 1865 1175 1936; x_wconf 89' lang='grc'><strong>28,</strong></span> 
     </span>
     <span class='ocr_line' id='line_1_20' title="bbox 212 1947 1177 2025; baseline -0.001 -19"><span class='ocrx_word' id='word_1_157' title='bbox 212 1949 262 2006; x_wconf 82' lang='lat'><strong>54.</strong></span> <span class='ocrx_word' id='word_1_158' title='bbox 285 1947 379 2008; x_wconf 82' lang='lat' dir='ltr'><strong>Elisio</strong></span> <span class='ocrx_word' id='word_1_159' title='bbox 399 1950 432 2006; x_wconf 92' lang='lat' dir='ltr'><strong>in</strong></span> <span class='ocrx_word' id='word_1_160' title='bbox 451 1949 548 2024; x_wconf 89' lang='lat' dir='ltr'><strong>prima</strong></span> <span class='ocrx_word' id='word_1_161' title='bbox 567 1949 683 2025; x_wconf 86' lang='lat' dir='ltr'><strong>syllaba</strong></span> <span class='ocrx_word' id='word_1_162' title='bbox 703 1950 792 2007; x_wconf 92' lang='lat' dir='ltr'><strong>metri</strong></span> <span class='ocrx_word' id='word_1_163' title='bbox 807 1949 884 2008; x_wconf 90' lang='lat' dir='ltr'><strong>etin</strong></span> <span class='ocrx_word' id='word_1_164' title='bbox 898 1949 1005 2006; x_wconf 87' lang='lat' dir='ltr'><strong>ultima</strong></span> <span class='ocrx_word' id='word_1_165' title='bbox 1018 1947 1177 2022; x_wconf 88' lang='lat' dir='ltr'><strong>Propertio</strong></span> 
     </span>
     <span class='ocr_line' id='line_1_21' title="bbox 210 2031 1178 2110; baseline -0.001 -20"><span class='ocrx_word' id='word_1_166' title='bbox 210 2032 383 2108; x_wconf 86' lang='lat' dir='ltr'><strong>inprobata,</strong></span> <span class='ocrx_word' id='word_1_167' title='bbox 403 2050 459 2090; x_wconf 90' lang='lat' dir='ltr'><strong>neo</strong></span> <span class='ocrx_word' id='word_1_168' title='bbox 472 2033 571 2092; x_wconf 89' lang='lat' dir='ltr'><strong>minus</strong></span> <span class='ocrx_word' id='word_1_169' title='bbox 585 2033 680 2092; x_wconf 81' lang='lat' dir='ltr'><strong>vitata</strong></span> <span class='ocrx_word' id='word_1_170' title='bbox 693 2033 801 2110; x_wconf 81' lang='lat' dir='ltr'><strong>longae</strong></span> <span class='ocrx_word' id='word_1_171' title='bbox 815 2031 848 2092; x_wconf 90' lang='lat' dir='ltr'><strong>in</strong></span> <span class='ocrx_word' id='word_1_172' title='bbox 861 2033 1033 2092; x_wconf 82' lang='lat' dir='ltr'><strong>hexametro</strong></span> <span class='ocrx_word' id='word_1_173' title='bbox 1048 2049 1065 2089; x_wconf 90' lang='lat' dir='ltr'><strong>a</strong></span> <span class='ocrx_word' id='word_1_174' title='bbox 1078 2031 1178 2107; x_wconf 87' lang='lat' dir='ltr'><strong>quinti</strong></span> 
     </span>
     <span class='ocr_line' id='line_1_22' title="bbox 210 2115 1176 2191; baseline 0 -17"><span class='ocrx_word' id='word_1_175' title='bbox 210 2115 281 2175; x_wconf 88' lang='lat' dir='ltr'><strong>inde</strong></span> <span class='ocrx_word' id='word_1_176' title='bbox 300 2117 385 2191; x_wconf 87' lang='lat' dir='ltr'><strong>pedis</strong></span> <span class='ocrx_word' id='word_1_177' title='bbox 405 2116 497 2188; x_wconf 83' lang='lat' dir='ltr'><strong>thesi,</strong></span> <span class='ocrx_word' id='word_1_178' title='bbox 524 2118 555 2174; x_wconf 91' lang='lat' dir='ltr'><strong>et</strong></span> <span class='ocrx_word' id='word_1_179' title='bbox 577 2116 610 2174; x_wconf 90' lang='lat' dir='ltr'><strong>in</strong></span> <span class='ocrx_word' id='word_1_180' title='bbox 634 2117 815 2191; x_wconf 87' lang='lat' dir='ltr'><strong>pentametri</strong></span> <span class='ocrx_word' id='word_1_181' title='bbox 840 2117 968 2176; x_wconf 90' lang='lat' dir='ltr'><strong>secundo</strong></span> <span class='ocrx_word' id='word_1_182' title='bbox 988 2115 1176 2190; x_wconf 82' lang='lat' dir='ltr'><strong>hemistichia</strong></span> 
     </span>
     <span class='ocr_line' id='line_1_23' title="bbox 211 2199 1179 2276; baseline 0 -18"><span class='ocrx_word' id='word_1_183' title='bbox 211 2201 330 2276; x_wconf 89' lang='lat' dir='ltr'><strong>praeter</strong></span> <span class='ocrx_word' id='word_1_184' title='bbox 344 2200 431 2258; x_wconf 89' lang='lat' dir='ltr'><strong>illum</strong></span> <span class='ocrx_word' id='word_1_185' title='bbox 445 2217 565 2259; x_wconf 83' lang='lat' dir='ltr'><strong>versum</strong></span> <span class='ocrx_word' id='word_1_186' title='bbox 580 2199 635 2273; x_wconf 89' lang='grc' dir='ltr'><strong>ΙΠ,</strong></span> <span class='ocrx_word' id='word_1_187' title='bbox 654 2201 702 2274; x_wconf 87' lang='grc'><strong>14,</strong></span> <span class='ocrx_word' id='word_1_188' title='bbox 718 2204 757 2262; x_wconf 88' lang='grc'><strong>10</strong></span> <span class='ocrx_word' id='word_1_189' title='bbox 772 2201 951 2262; x_wconf 83' lang='lat' dir='ltr'><strong>‘inmortalis</strong></span> <span class='ocrx_word' id='word_1_190' title='bbox 965 2219 1027 2274; x_wconf 93' lang='lat' dir='ltr'><strong>ero,</strong></span> <span class='ocrx_word' id='word_1_191' title='bbox 1043 2201 1069 2259; x_wconf 90' lang='lat' dir='ltr'><strong>si</strong></span> <span class='ocrx_word' id='word_1_192' title='bbox 1083 2200 1179 2258; x_wconf 86' lang='lat' dir='ltr'><strong>altera</strong></span> 
     </span>
     <span class='ocr_line' id='line_1_24' title="bbox 213 2281 1179 2357; baseline -0.001 -15"><span class='ocrx_word' id='word_1_193' title='bbox 213 2284 283 2342; x_wconf 89' lang='lat' dir='ltr'><strong>talis</strong></span> <span class='ocrx_word' id='word_1_194' title='bbox 298 2283 377 2341; x_wconf 89' lang='lat' dir='ltr'><strong>erit&#39;.</strong></span> <span class='ocrx_word' id='word_1_195' title='bbox 407 2281 485 2342; x_wconf 86' lang='lat' dir='ltr'><strong>Nam</strong></span> <span class='ocrx_word' id='word_1_196' title='bbox 500 2283 536 2342; x_wconf 88' lang='lat' dir='ltr'><strong>de</strong></span> <span class='ocrx_word' id='word_1_197' title='bbox 550 2283 607 2357; x_wconf 88' lang='lat'>111,</span> <span class='ocrx_word' id='word_1_198' title='bbox 625 2285 674 2357; x_wconf 86' lang='grc'>14,</span> <span class='ocrx_word' id='word_1_199' title='bbox 692 2285 806 2345; x_wconf 76' lang='lat' dir='ltr'><strong>liliam</strong></span> <span class='ocrx_word' id='word_1_200' title='bbox 820 2285 959 2345; x_wconf 85' lang='lat' dir='ltr'><strong>vidimus.</strong></span> <span class='ocrx_word' id='word_1_201' title='bbox 977 2317 1014 2328; x_wconf 90' lang='lat'>-</span> <span class='ocrx_word' id='word_1_202' title='bbox 1032 2283 1179 2343; x_wconf 81' lang='lat' dir='ltr'><strong>Similiter</strong></span> 
     </span>
     <span class='ocr_line' id='line_1_25' title="bbox 211 2368 1177 2444; baseline -0.002 -16"><span class='ocrx_word' id='word_1_203' title='bbox 211 2371 282 2444; x_wconf 86' lang='lat' dir='ltr'><strong>post</strong></span> <span class='ocrx_word' id='word_1_204' title='bbox 300 2368 421 2426; x_wconf 88' lang='lat' dir='ltr'><strong>tertiam</strong></span> <span class='ocrx_word' id='word_1_205' title='bbox 440 2369 503 2427; x_wconf 89' lang='lat' dir='ltr'><strong>eius</strong></span> <span class='ocrx_word' id='word_1_206' title='bbox 523 2369 612 2427; x_wconf 89' lang='lat' dir='ltr'><strong>metri</strong></span> <span class='ocrx_word' id='word_1_207' title='bbox 631 2369 712 2428; x_wconf 87' lang='lat' dir='ltr'><strong>arsin</strong></span> <span class='ocrx_word' id='word_1_208' title='bbox 725 2369 815 2428; x_wconf 88' lang='lat' dir='ltr'><strong>habes</strong></span> <span class='ocrx_word' id='word_1_209' title='bbox 830 2370 964 2429; x_wconf 84' lang='lat' dir='ltr'><strong>vocalem</strong></span> <span class='ocrx_word' id='word_1_210' title='bbox 977 2368 1177 2441; x_wconf 86' lang='lat' dir='ltr'><strong>imminutam,</strong></span> 
     </span>
     <span class='ocr_line' id='line_1_26' title="bbox 213 2451 1177 2530; baseline -0.001 -19"><span class='ocrx_word' id='word_1_211' title='bbox 213 2453 266 2511; x_wconf 87' lang='lat' dir='ltr'><strong>sed</strong></span> <span class='ocrx_word' id='word_1_212' title='bbox 279 2453 401 2512; x_wconf 84' lang='lat' dir='ltr'><strong>brevem</strong></span> <span class='ocrx_word' id='word_1_213' title='bbox 416 2451 440 2525; x_wconf 92' lang='grc' dir='ltr'><strong>Ι,</strong></span> <span class='ocrx_word' id='word_1_214' title='bbox 453 2453 482 2526; x_wconf 88' lang='lat'><strong>5,</strong></span> <span class='ocrx_word' id='word_1_215' title='bbox 498 2453 537 2512; x_wconf 90' lang='grc'><strong>32</strong></span> <span class='ocrx_word' id='word_1_216' title='bbox 554 2452 667 2512; x_wconf 75' lang='lat' dir='ltr'><strong>‘desine</strong></span> <span class='ocrx_word' id='word_1_217' title='bbox 681 2469 745 2512; x_wconf 91' lang='lat' dir='ltr'><strong>non</strong></span> <span class='ocrx_word' id='word_1_218' title='bbox 759 2454 870 2528; x_wconf 78' lang='lat' dir='ltr'><strong>inpune</strong></span> <span class='ocrx_word' id='word_1_219' title='bbox 882 2453 937 2512; x_wconf 90' lang='lat' dir='ltr'><strong>illa</strong></span> <span class='ocrx_word' id='word_1_220' title='bbox 950 2455 1055 2530; x_wconf 84' lang='lat' dir='ltr'><strong>rogata</strong></span> <span class='ocrx_word' id='word_1_221' title='bbox 1068 2453 1177 2524; x_wconf 65' lang='lat' dir='ltr'><strong>venit,</strong></span> 
     </span>
     <span class='ocr_line' id='line_1_27' title="bbox 213 2535 1178 2614; baseline 0 -19"><span class='ocrx_word' id='word_1_222' title='bbox 213 2535 284 2610; x_wconf 85' lang='lat'>1111,</span> <span class='ocrx_word' id='word_1_223' title='bbox 302 2537 351 2609; x_wconf 91' lang='grc'><strong>22,</strong></span> <span class='ocrx_word' id='word_1_224' title='bbox 369 2538 410 2595; x_wconf 92' lang='grc'><strong>10</strong></span> <span class='ocrx_word' id='word_1_225' title='bbox 430 2535 580 2595; x_wconf 69' lang='lat' dir='ltr'><strong>‘Herculis</strong></span> <span class='ocrx_word' id='word_1_226' title='bbox 594 2536 758 2610; x_wconf 80' lang='lat' dir='ltr'><strong>Antaeique</strong></span> <span class='ocrx_word' id='word_1_227' title='bbox 772 2537 1029 2614; x_wconf 88' lang='lat' dir='ltr'><strong>Hesperidumque</strong></span> <span class='ocrx_word' id='word_1_228' title='bbox 1049 2536 1178 2596; x_wconf 69' lang='lat' dir='ltr'><strong>choros?</strong></span> 
     </span>
     <span class='ocr_line' id='line_1_28' title="bbox 213 2619 1143 2696; baseline -0.001 -16"><span class='ocrx_word' id='word_1_229' title='bbox 213 2620 299 2680; x_wconf 88' lang='lat' dir='ltr'><strong>Idem</strong></span> <span class='ocrx_word' id='word_1_230' title='bbox 314 2621 384 2695; x_wconf 89' lang='lat' dir='ltr'><strong>post</strong></span> <span class='ocrx_word' id='word_1_231' title='bbox 398 2619 523 2680; x_wconf 89' lang='lat' dir='ltr'><strong>alteram</strong></span> <span class='ocrx_word' id='word_1_232' title='bbox 536 2620 635 2680; x_wconf 88' lang='lat' dir='ltr'><strong>thesin</strong></span> <span class='ocrx_word' id='word_1_233' title='bbox 649 2623 829 2696; x_wconf 85' lang='lat' dir='ltr'><strong>pentametri</strong></span> <span class='ocrx_word' id='word_1_234' title='bbox 844 2623 943 2682; x_wconf 85' lang='lat' dir='ltr'><strong>evenit</strong></span> <span class='ocrx_word' id='word_1_235' title='bbox 957 2639 1143 2696; x_wconf 76' lang='lat' dir='ltr'><strong>numquam..</strong></span> 
     </span>
    </p>

    <p class='ocr_par' dir='ltr' id='par_1_5' title="bbox 214 2704 1179 2952">
     <span class='ocr_line' id='line_1_29' title="bbox 276 2704 1179 2786; baseline 0.002 -24"><span class='ocrx_word' id='word_1_236' title='bbox 276 2704 384 2762; x_wconf 86' lang='lat' dir='ltr'><strong>Hiatus</strong></span> <span class='ocrx_word' id='word_1_237' title='bbox 398 2706 446 2761; x_wconf 91' lang='lat' dir='ltr'><strong>ter</strong></span> <span class='ocrx_word' id='word_1_238' title='bbox 459 2704 492 2762; x_wconf 90' lang='lat' dir='ltr'><strong>in</strong></span> <span class='ocrx_word' id='word_1_239' title='bbox 506 2722 627 2764; x_wconf 87' lang='lat' dir='ltr'><strong>caesura</strong></span> <span class='ocrx_word' id='word_1_240' title='bbox 637 2705 867 2786; x_wconf 89' lang='lat' dir='ltr'><strong>penthemimeri</strong></span> <span class='ocrx_word' id='word_1_241' title='bbox 878 2705 993 2780; x_wconf 84' lang='lat' dir='ltr'><strong>accidit,</strong></span> <span class='ocrx_word' id='word_1_242' title='bbox 1006 2707 1099 2766; x_wconf 89' lang='lat' dir='ltr'><strong>semel</strong></span> <span class='ocrx_word' id='word_1_243' title='bbox 1113 2707 1179 2780; x_wconf 91' lang='lat' dir='ltr'><strong>qui-</strong></span> 
     </span>
     <span class='ocr_line' id='line_1_30' title="bbox 214 2785 1179 2868; baseline 0.002 -22"><span class='ocrx_word' id='word_1_244' title='bbox 214 2789 282 2847; x_wconf 86' lang='lat' dir='ltr'><strong>dem</strong></span> <span class='ocrx_word' id='word_1_245' title='bbox 298 2787 453 2846; x_wconf 86' lang='lat' dir='ltr'><strong>accedente</strong></span> <span class='ocrx_word' id='word_1_246' title='bbox 467 2787 633 2848; x_wconf 88' lang='lat' dir='ltr'><strong>imitatione</strong></span> <span class='ocrx_word' id='word_1_247' title='bbox 649 2787 959 2866; x_wconf 80' lang='lat' dir='ltr'><strong>exempliVergiliani‚</strong></span> <span class='ocrx_word' id='word_1_248' title='bbox 974 2792 1010 2849; x_wconf 89' lang='lat' dir='ltr'><strong>ut</strong></span> <span class='ocrx_word' id='word_1_249' title='bbox 1023 2793 1096 2865; x_wconf 90' lang='lat' dir='ltr'><strong>puta</strong></span> <span class='ocrx_word' id='word_1_250' title='bbox 1109 2785 1179 2868; x_wconf 87' lang='grc' dir='ltr'>[ΙΠ,</span> 
     </span>
     <span class='ocr_line' id='line_1_31' title="bbox 216 2869 644 2952; baseline 0 -21"><span class='ocrx_word' id='word_1_251' title='bbox 216 2873 265 2946; x_wconf 84' lang='grc'>15,</span> <span class='ocrx_word' id='word_1_252' title='bbox 283 2872 376 2944; x_wconf 77' lang='grc'>1.’32,</span> <span class='ocrx_word' id='word_1_253' title='bbox 392 2870 444 2929; x_wconf 83' lang='grc'><strong>45.</strong></span> <span class='ocrx_word' id='word_1_254' title='bbox 459 2870 530 2946; x_wconf 91' lang='grc' dir='ltr'><strong>ΠΠ,</strong></span> <span class='ocrx_word' id='word_1_255' title='bbox 548 2875 576 2946; x_wconf 84' lang='grc'><strong>7,</strong></span> <span class='ocrx_word' id='word_1_256' title='bbox 591 2869 644 2952; x_wconf 81' lang='lat'><strong>49]</strong></span> 
     </span>
    </p>

    <p class='ocr_par' dir='ltr' id='par_1_6' title="bbox 215 2955 1186 3540">
     <span class='ocr_line' id='line_1_32' title="bbox 300 2955 995 3031; baseline 0.006 -17"><span class='ocrx_word' id='word_1_257' title='bbox 300 2973 380 3014; x_wconf 92' lang='lat' dir='ltr'><strong>ome</strong></span> <span class='ocrx_word' id='word_1_258' title='bbox 395 2955 513 3031; x_wconf 78' lang='lat' dir='ltr'><strong>felicem,</strong></span> <span class='ocrx_word' id='word_1_259' title='bbox 529 2976 547 3016; x_wconf 94' lang='lat' dir='ltr'><strong>o</strong></span> <span class='ocrx_word' id='word_1_260' title='bbox 561 2975 621 3016; x_wconf 84' lang='lat' dir='ltr'><strong>nox</strong></span> <span class='ocrx_word' id='word_1_261' title='bbox 634 2959 708 3016; x_wconf 88' lang='lat' dir='ltr'><strong>mihi</strong></span> <span class='ocrx_word' id='word_1_262' title='bbox 723 2957 847 3018; x_wconf 88' lang='lat' dir='ltr'><strong>eandida</strong></span> <span class='ocrx_word' id='word_1_263' title='bbox 861 2962 893 3018; x_wconf 91' lang='lat' dir='ltr'><strong>et</strong></span> <span class='ocrx_word' id='word_1_264' title='bbox 907 2978 924 3018; x_wconf 92' lang='lat' dir='ltr'><strong>o</strong></span> <span class='ocrx_word' id='word_1_265' title='bbox 939 2962 974 3018; x_wconf 92' lang='lat' dir='ltr'><strong>tu</strong></span> <span class='ocrx_word' id='word_1_266' title='bbox 992 2971 995 2977; x_wconf 88' lang='lat'>&#39;</span> 
     </span>
     <span class='ocr_line' id='line_1_33' title="bbox 297 3039 1170 3117; baseline 0.007 -19"><span class='ocrx_word' id='word_1_267' title='bbox 297 3041 369 3098; x_wconf 88' lang='lat' dir='ltr'><strong>haee</strong></span> <span class='ocrx_word' id='word_1_268' title='bbox 384 3039 487 3100; x_wconf 88' lang='lat' dir='ltr'><strong>eadem</strong></span> <span class='ocrx_word' id='word_1_269' title='bbox 501 3043 569 3100; x_wconf 90' lang='lat' dir='ltr'><strong>ante</strong></span> <span class='ocrx_word' id='word_1_270' title='bbox 584 3042 666 3101; x_wconf 65' lang='lat' dir='ltr'><strong>mom</strong></span> <span class='ocrx_word' id='word_1_271' title='bbox 679 3042 790 3117; x_wconf 89' lang='lat' dir='ltr'><strong>inpune</strong></span> <span class='ocrx_word' id='word_1_272' title='bbox 806 3045 838 3102; x_wconf 89' lang='lat' dir='ltr'><strong>et</strong></span> <span class='ocrx_word' id='word_1_273' title='bbox 850 3043 960 3103; x_wconf 88' lang='lat' dir='ltr'><strong>Lesbia</strong></span> <span class='ocrx_word' id='word_1_274' title='bbox 973 3042 1047 3104; x_wconf 85' lang='lat' dir='ltr'><strong>fecit</strong></span> <span class='ocrx_word' id='word_1_275' title='bbox 1161 3106 1170 3116; x_wconf 20' lang='grc' dir='ltr'>κ</span> 
     </span>
     <span class='ocr_line' id='line_1_34' title="bbox 299 3123 954 3187; baseline 0.003 -3"><span class='ocrx_word' id='word_1_276' title='bbox 299 3124 352 3184; x_wconf 88' lang='lat' dir='ltr'><strong>sed</strong></span> <span class='ocrx_word' id='word_1_277' title='bbox 367 3123 440 3184; x_wconf 80' lang='lat' dir='ltr'><strong>Chio</strong></span> <span class='ocrx_word' id='word_1_278' title='bbox 454 3125 581 3186; x_wconf 78' lang='lat' dir='ltr'><strong>thaluono</strong></span> <span class='ocrx_word' id='word_1_279' title='bbox 595 3128 648 3184; x_wconf 89' lang='lat' dir='ltr'><strong>aut</strong></span> <span class='ocrx_word' id='word_1_280' title='bbox 662 3124 761 3184; x_wconf 88' lang='lat' dir='ltr'><strong>Oricia</strong></span> <span class='ocrx_word' id='word_1_281' title='bbox 774 3127 954 3187; x_wconf 87' lang='lat' dir='ltr'><strong>terebintho.</strong></span> 
     </span>
     <span class='ocr_line' id='line_1_35' title="bbox 215 3207 1185 3286; baseline 0.004 -18"><span class='ocrx_word' id='word_1_282' title='bbox 215 3207 317 3268; x_wconf 75' lang='lat' dir='ltr'><strong>Semel</strong></span> <span class='ocrx_word' id='word_1_283' title='bbox 336 3207 417 3267; x_wconf 90' lang='lat' dir='ltr'><strong>idem</strong></span> <span class='ocrx_word' id='word_1_284' title='bbox 438 3210 613 3270; x_wconf 86' lang='lat' dir='ltr'><strong>observatur</strong></span> <span class='ocrx_word' id='word_1_285' title='bbox 630 3209 663 3268; x_wconf 90' lang='lat' dir='ltr'><strong>in</strong></span> <span class='ocrx_word' id='word_1_286' title='bbox 677 3210 775 3286; x_wconf 85' lang='lat' dir='ltr'><strong>prima</strong></span> <span class='ocrx_word' id='word_1_287' title='bbox 788 3211 866 3270; x_wconf 89' lang='lat' dir='ltr'><strong>thesi</strong></span> <span class='ocrx_word' id='word_1_288' title='bbox 880 3211 1017 3272; x_wconf 86' lang='lat' dir='ltr'><strong>vocabuli</strong></span> <span class='ocrx_word' id='word_1_289' title='bbox 1032 3209 1133 3270; x_wconf 81' lang='lat' dir='ltr'><strong>cretici</strong></span> <span class='ocrx_word' id='word_1_290' title='bbox 1149 3213 1185 3272; x_wconf 87' lang='lat' dir='ltr'><strong>et</strong></span> 
     </span>
     <span class='ocr_line' id='line_1_36' title="bbox 215 3289 689 3372; baseline 0.006 -23"><span class='ocrx_word' id='word_1_291' title='bbox 215 3291 336 3368; x_wconf 90' lang='lat' dir='ltr'><strong>quidem</strong></span> <span class='ocrx_word' id='word_1_292' title='bbox 351 3290 456 3350; x_wconf 79' lang='lat' dir='ltr'><strong>Graeci</strong></span> <span class='ocrx_word' id='word_1_293' title='bbox 472 3289 554 3371; x_wconf 86' lang='grc' dir='ltr'>[ΠΠ,</span> <span class='ocrx_word' id='word_1_294' title='bbox 572 3295 620 3368; x_wconf 92' lang='grc'><strong>11,</strong></span> <span class='ocrx_word' id='word_1_295' title='bbox 638 3289 689 3372; x_wconf 81' lang='grc'>17]</span> 
     </span>
     <span class='ocr_line' id='line_1_37' title="bbox 301 3372 1071 3455; baseline 0.005 -22"><span class='ocrx_word' id='word_1_296' title='bbox 301 3372 445 3448; x_wconf 73' lang='lat' dir='ltr'><strong>cepnae</strong></span> <span class='ocrx_word' id='word_1_297' title='bbox 453 3376 486 3434; x_wconf 91' lang='lat' dir='ltr'><strong>in</strong></span> <span class='ocrx_word' id='word_1_298' title='bbox 499 3378 618 3436; x_wconf 91' lang='lat' dir='ltr'><strong>tantum</strong></span> <span class='ocrx_word' id='word_1_299' title='bbox 632 3377 745 3438; x_wconf 83' lang='lat' dir='ltr'><strong>formae</strong></span> <span class='ocrx_word' id='word_1_300' title='bbox 759 3380 906 3455; x_wconf 89' lang='lat' dir='ltr'><strong>prooessit</strong></span> <span class='ocrx_word' id='word_1_301' title='bbox 918 3379 1071 3439; x_wconf 91' lang='lat' dir='ltr'><strong>honorem.</strong></span> 
     </span>
     <span class='ocr_line' id='line_1_38' title="bbox 215 3458 1186 3540; baseline 0.004 -21"><span class='ocrx_word' id='word_1_302' title='bbox 215 3458 252 3519; x_wconf 90' lang='lat' dir='ltr'><strong>In</strong></span> <span class='ocrx_word' id='word_1_303' title='bbox 266 3459 422 3535; x_wconf 85' lang='lat' dir='ltr'><strong>positionis</strong></span> <span class='ocrx_word' id='word_1_304' title='bbox 437 3479 512 3534; x_wconf 88' lang='lat' dir='ltr'><strong>quae</strong></span> <span class='ocrx_word' id='word_1_305' title='bbox 527 3461 635 3520; x_wconf 87' lang='lat' dir='ltr'><strong>dieitur</strong></span> <span class='ocrx_word' id='word_1_306' title='bbox 648 3463 716 3540; x_wconf 81' lang='lat' dir='ltr'><strong>lege</strong></span> <span class='ocrx_word' id='word_1_307' title='bbox 729 3463 868 3522; x_wconf 85' lang='lat' dir='ltr'><strong>violanda</strong></span> <span class='ocrx_word' id='word_1_308' title='bbox 878 3467 989 3539; x_wconf 83' lang='lat' dir='ltr'><strong>quanto</strong></span> <span class='ocrx_word' id='word_1_309' title='bbox 1005 3463 1044 3523; x_wconf 90' lang='lat' dir='ltr'><strong>sit</strong></span> <span class='ocrx_word' id='word_1_310' title='bbox 1058 3462 1186 3523; x_wconf 88' lang='lat' dir='ltr'><strong>liberior</strong></span> 
     </span>
    </p>
   </div>
   <div class='ocr_carea' id='block_1_4' title="bbox 86 3537 1184 3624">
    <p class='ocr_par' dir='ltr' id='par_1_7' title="bbox 86 3537 1184 3624">
     <span class='ocr_line' id='line_1_39' title="bbox 86 3537 1184 3624; baseline 0.006 -22"><span class='ocrx_word' id='word_1_311' title='bbox 86 3557 90 3564; x_wconf 82' lang='grc'>’</span> <span class='ocrx_word' id='word_1_312' title='bbox 214 3537 390 3622; x_wconf 84' lang='lat' dir='ltr'><strong>Propertius</strong></span> <span class='ocrx_word' id='word_1_313' title='bbox 400 3541 491 3602; x_wconf 82' lang='lat' dir='ltr'><strong>Albio</strong></span> <span class='ocrx_word' id='word_1_314' title='bbox 506 3547 541 3603; x_wconf 88' lang='lat' dir='ltr'><strong>ut</strong></span> <span class='ocrx_word' id='word_1_315' title='bbox 555 3545 784 3622; x_wconf 88' lang='lat' dir='ltr'><strong>demonstretur,</strong></span> <span class='ocrx_word' id='word_1_316' title='bbox 794 3547 921 3607; x_wconf 83' lang='lat' dir='ltr'><strong>sufficiet</strong></span> <span class='ocrx_word' id='word_1_317' title='bbox 931 3549 997 3624; x_wconf 90' lang='lat' dir='ltr'><strong>ipsa</strong></span> <span class='ocrx_word' id='word_1_318' title='bbox 1007 3547 1184 3624; x_wconf 88' lang='lat' dir='ltr'><strong>apposuisse</strong></span> 
     </span>
    </p>
   </div>
   <div class='ocr_carea' id='block_1_5' title="bbox 0 0 1325 4132">
    <p class='ocr_par' dir='ltr' id='par_1_8' title="bbox 0 0 1325 4132">
     <span class='ocr_line' id='line_1_40' title="bbox 0 0 1325 4132; baseline 0 0"><span class='ocrx_word' id='word_1_319' title='bbox 0 0 1325 4132; x_wconf 95' lang='lat' dir='ltr'><strong> </strong></span> 
     </span>
    </p>
   </div>
  </div>
 </body>
</html>
