2632 4140
139 172 281 246 nuum]
533 174 640 228 urana
662 175 711 230 111.

188 335 220 399 ‘I
242 356 328 400 nuno
351 338 383 399 et
403 336 514 400 nooies
537 335 624 400 disee
645 357 772 401 manere
795 336 903 404 domi.'

142 421 240 485 Mane
261 423 345 502 eral,
368 422 401 483 ei
421 419 523 502 volui,
546 420 573 484 si
595 420 664 484 sola
685 421 860 503 quiescerel
880 421 954 505 illa,

187 491 314 568 Visire:
338 505 370 566 ei
390 503 425 566 in
446 501 529 566 leelo
553 501 692 586 Cynthia
715 504 783 569 sola
803 505 875 569 fuit.

144 587 319 671 Obstupui:
341 607 408 650 non
430 585 487 650 illa
507 586 587 650 mihi
607 585 778 653 formosior
797 609 947 686 umquam
1074 601 1107 651 25

187 669 282 754 Visa,
305 691 408 754 neque
431 671 552 736 ostrina
574 691 645 735 oum
666 672 729 736 fuis
750 672 785 736 in
805 675 930 755 lumea,

144 754 220 820 Ibat
240 759 274 819 et
293 753 369 818 hine
392 757 497 818 casiae
518 757 681 820 narraium
702 757 826 820 somnia
847 755 979 839 Vestae,

189 837 262 904 Neu
284 838 346 902 sibi
367 859 447 903 neve
468 837 548 903 mihi
565 859 646 922 quae
666 841 813 904 nocitura
833 841 953 905 forent:

146 921 233 986 Talis
254 923 323 987 risa
344 921 425 986 mihi
446 943 559 988 somno
581 923 712 988 dimissa
731 925 862 990 recenti.

189 1005 241 1070 En
262 1009 417 1091 quantum
438 1027 496 1090 per
517 1028 551 1072 se
572 1006 706 1071 eandida
727 1007 830 1072 forma
850 1008 950 1072 valet!
1075 1020 1107 1070 80
1158 1065 1161 1072 .

145 1090 236 1166 ‘Quo
257 1093 295 1154 iu
313 1090 504 1155 maiulinus’
526 1091 572 1156 aii
594 1091 793 1174 ‘speculaior
815 1091 976 1174 amicae?

190 1173 242 1238 Me
264 1174 401 1239 similem
422 1175 535 1240 veslris
557 1175 699 1240 moribus
721 1195 790 1240 esse
812 1174 927 1260 putas?

147 1257 223 1323 Non
238 1279 306 1344 ego
327 1262 394 1324 lam
415 1257 534 1324 facilis:
556 1261 607 1324 sai
628 1259 689 1323 erit
708 1259 788 1324 mihi
810 1259 957 1345 cognitus
979 1279 1061 1324 unus
1067 1309 1076 1342 ,

190 1341 251 1407 Vel
272 1347 308 1407 tu
328 1343 379 1407 vel
401 1363 416 1407 s
450 1343 500 1408 uis
521 1343 626 1408 verior
648 1363 716 1408 esse
737 1346 853 1428 polani.

149 1427 318 1510 Apparen'o
337 1447 405 1490 non
417 1363 492 1492 illa
512 1430 582 1492 loro
603 1427 738 1512 vestigia
758 1447 886 1512 presso,
1076 1439 1109 1491 35

191 1509 292 1596 Signa
312 1511 501 1595 voluptatis,
524 1532 585 1576 neo
605 1512 739 1576 iacuisse
761 1511 850 1578 duos.

148 1594 283 1743 Αεέἰοθ,
306 1597 342 1658 ui
362 1595 398 1659 in
417 1597 487 1659 toto
509 1596 616 1659 nullus
637 1595 717 1660 mihi
739 1617 871 1680 corpore
894 1599 1004 1681 surgat

214 1679 329 1762 pinitus
350 1677 489 1743 admisso
509 1681 604 1742 notus
626 1678 805 1744 adulierio!

152 1761 256 1846 Dixit,
279 1765 313 1827 ei
333 1763 481 1847 opposita
501 1763 683 1846 propellens
705 1763 791 1827 savia
812 1763 923 1827 dexira

193 1845 325 1912 Prosilil
345 1847 381 1912 in
400 1846 473 1910 laxa
493 1847 568 1910 nixa
588 1845 702 1930 pedem
723 1846 818 1910 solea.
1076 1859 1110 1911 40

149 1931 203 1998 sio
225 1950 285 2016 ego
306 1933 374 1994 tam
395 1931 498 1996 saneti
520 1929 642 1994 custodi
664 1929 814 1994 excludor
835 1930 968 1996 amorisz

191 2015 242 2080 Ex
263 2015 319 2078 illo
340 2013 419 2079 felix
439 2035 505 2079 nox
526 2013 606 2078 mihi
626 2013 716 2078 nulla
736 2014 807 2079 fuir.

467 2229 623 2302 xxvnr
651 2227 791 2322 [xxxi

150 2353 220 2428 Quo
241 2351 276 2416 fu
299 2352 327 2416 is
346 2372 366 2415 a
385 2351 538 2416 demens?
561 2351 681 2416 nullasl
701 2351 793 2436 fuga:
816 2354 852 2414 iu
873 2351 949 2416 lieet
969 2372 1068 2435 usque

192 2435 245 2500 Ad
295 2435 391 2500 anain
410 2435 532 2520 fugies,
554 2455 654 2518 usque
676 2437 825 2518 sequetur
846 2435 957 2501 Amor.

149 2519 226 2585 Non
248 2519 276 2584 si
296 2519 437 2604 Pegaseo
459 2519 593 2584 vecteris
614 2519 649 2583 in
671 2540 741 2584 aere
764 2517 873 2601 dorso,

192 2603 262 2670 Neo
283 2603 343 2667 tibi
365 2604 392 2668 si
413 2601 522 2668 Persei
543 2603 679 2668 moverit
700 2603 751 2667 ala
771 2603 882 2686 pedes,

151 2686 211 2753 Vel
233 2687 261 2752 si
282 2690 315 2752 to
337 2690 440 2752 sectae
461 2689 589 2772 rapianl
609 2687 762 2752 talaribus
784 2707 892 2770 aurae,
1094 2699 1111 2750 o

183 2770 249 2837 ¹Nil
270 2771 332 2836 tibi
352 2769 503 2837 Mercurii
523 2771 666 2854 proderit
687 2771 753 2836 alla
773 2771 835 2835 via.

150 2855 256 2920 Instat
277 2877 402 2939 semper
422 2856 524 2920 Amor
545 2876 642 2938 supra
662 2859 772 2938 eaput,
794 2855 894 2919 instat
914 2855 1050 2937 amanti,

193 2939 238 3004 nt
258 2939 365 3024 gravis
387 2940 456 3024 ipso
477 2959 571 3022 super
593 2938 693 3002 libera
714 2938 798 3001 oolla
819 2937 916 3002 sedet.

149 3023 299 3089 Excubat
319 3023 374 3087 ille
395 3044 468 3088 aser
490 3025 596 3087 rusios
619 3024 652 3086 ei
671 3020 784 3086 tollere
806 3041 979 3104 numquam

193 3107 238 3172 Te
260 3107 399 3190 patietur
418 3107 517 3173 humo
539 3105 661 3170 lumina
683 3108 777 3189 eopia
798 3105 904 3169 semel.
1083 3119 1113 3170 10

148 3191 211 3274 nt!
232 3191 298 3254 iam
320 3191 347 3254 si
369 3211 492 3276 peuces,
514 3190 590 3254 deus
612 3189 781 3257 exorabilis
803 3185 904 3272 illesi,

191 3241 229 3340 ii
250 3273 347 3339 modo
370 3278 553 3359 praesentes
573 3273 690 3338 viderit
710 3274 798 3336 esse'
823 3271 920 3339 redes.

149 3359 219 3424 Ista
240 3379 333 3424 senes
355 3359 432 3424 lieet
452 3361 601 3423 accusent
622 3356 769 3423 convivia
812 3357 874 3421 uri:

193 3443 263 3510 Nos
284 3443 380 3508 modo
402 3441 618 3528 propositum,
641 3442 721 3525 vita,
742 3444 883 3506 teramus
905 3443 975 3508 iter.
