2632 4140
638 227 831 284 PROPERTII
1098 229 1226 301 [XXIII.

570 419 692 492 xxm
718 417 891 513 [xxvm.

313 543 358 608 Et
378 563 435 607 vos
457 543 625 626 incertam,
647 541 817 624 mortalem
835 542 957 606 funeris
978 541 1091 606 horam

356 627 529 707 Quaeritis,
553 629 586 691 et
605 647 669 709 qua
690 625 839 694 sitmors
861 625 985 690 aditura
1006 625 1072 708 iia,

314 711 472 787 Quaeritis
494 710 651 792 stoacio,
674 707 869 774 Phoenicum
890 709 1035 792 inventa,
1058 730 1193 796 sereno,

357 794 447 876 Quee
462 796 505 860 sit
519 795 614 859 stella
632 793 755 858 homini
770 793 935 858 commoda
949 814 1090 878 quaeque
1108 795 1220 877 mala,

287 891 303 940 0
319 877 381 944 Seu
395 877 529 963 pedibus
539 875 675 944 Parthos
690 877 830 960 sequitur
840 899 896 942 seu
907 877 1009 942 classe
1020 876 1222 963 Britannos,

356 961 401 1026 Et
420 964 517 1028 maris
539 965 572 1027 et
591 965 694 1026 terrae
715 981 808 1025 00000
829 961 949 1045 pericla
969 961 1052 1045 viae3

314 1045 436 1110 Rursus
458 1050 491 1111 et
511 1047 671 1112 obiectum
691 1045 774 1110 fictis
796 1048 893 1128 caput
914 1067 983 1110 esse
1004 1045 1159 1128 tumultu,

358 1130 439 1195 Oum
460 1129 589 1196 Mavors
611 1129 723 1194 dubias
744 1129 857 1194 miscet
877 1130 1035 1212 utrimque
1056 1151 1193 1216 manus3

314 1213 484 1280 Praeterea
505 1214 652 1280 domibus
673 1213 835 1278 flammam
856 1214 1033 1297 metuisque
1053 1213 1166 1278 ruinas
1176 1265 1188 1298 ‚

267 1309 300 1359 lo
355 1297 428 1364 Neu
450 1299 585 1364 subeant
605 1297 702 1362 labris
723 1298 839 1382 pocula
859 1298 954 1382 nigra
974 1298 1047 1362 tuis.

316 1380 410 1447 Solus
432 1405 541 1448 amans
563 1383 668 1464 novit,
692 1381 819 1466 quando
839 1383 997 1466 periturus
1019 1384 1051 1445 et
1073 1403 1092 1444 0
1113 1403 1182 1479 qua

357 1465 470 1550 Morte,
481 1489 585 1551 neque
594 1465 646 1532 hio
655 1465 777 1531 Boreae
787 1466 887 1530 flabra
896 1487 999 1550 neque
1009 1487 1097 1530 erma
1106 1467 1219 1534 timet.

314 1549 384 1615 Iam
405 1551 481 1616 licet
502 1555 536 1616 et
549 1549 662 1637 Stygia
683 1550 792 1615 sedeat
813 1551 872 1614 sub
894 1549 1048 1616 arundine
1068 1571 1197 1635 remex,

358 1633 477 1703 Cernat
497 1639 530 1699 et
549 1635 694 1700 infernae
714 1633 821 1699 tristia
841 1635 913 1700 vela
933 1634 1025 1698 ratis:

267 1729 299 1778 15
314 1717 348 1784 Si
370 1719 466 1784 modo
488 1720 672 1785 damnatum
693 1719 888 1784 revocaverit
910 1739 987 1782 aura
1007 1718 1148 1803 puellae,

357 1803 552 1869 Concessum
573 1804 663 1868 nulla
683 1804 755 1887 lege
776 1802 894 1866 redibit
913 1803 983 1866 iter.

550 1952 909 2128 xxnuffivm

313 2153 473 2302 Iuppiter}
494 2157 959 2306 adfectaputandemrtrlrlriserere
979 2157 1118 2304 puelipe:

383 2261 435 2304 am
472 2260 599 2304 ormosa
656 2264 711 2305 um
730 2263 784 2306 mo
838 2264 857 2306 0
878 2263 998 2306 crimen
1019 2263 1088 2306 err.

286 2321 396 2480 ”Veni
433 2323 518 2388 enirn
540 2327 681 2410 tempuS,
704 2321 927 2409 quo‘torridus
949 2328 1163 2407 aestuatum,

355 2406 475 2492 Incipit
495 2412 528 2473 et
548 2409 633 2474 sicco
655 2409 777 2475 fervere
798 2414 883 2474 terra
905 2408 1001 2475 Oeno.

285 2503 301 2551 0
317 2489 379 2556 Sed
399 2513 466 2558 non
487 2496 555 2558 tam
570 2494 692 2576 ardoris¹
707 2494 831 2578 culpast
844 2516 885 2558 ne
907 2515 947 2558 00
967 2493 1100 2558 crimina
1114 2494 1214 2578 caeli,

356 2575 458 2650 Quam
478 2577 598 2642 totiens
620 2581 757 2643 sanctos·
770 2600 836 2643 non
856 2577 879 2641 h
921 2577 1006 2642 uisse
1028 2577 1114 2641 deos.

312 2657 385 2724 Hoc
405 2659 511 2744 perdit
531 2661 679 2744 miseras,
701 2661 763 2726 hoc
784 2661 925 2746 perdidit
945 2665 1019 2726 ante
1039 2661 1178 2744 puellas:

356 2742 516 2828 Quidquid
537 2745 697 2827 iurarunt,
719 2749 833 2810 ventus
856 2749 888 2809 et
907 2746 992 2810 unda
1013 2745 1107 2828 rapit.

312 2825 400 2892 Num
422 2828 484 2892 sibi
505 2829 655 2894 collatam
677 2829 779 2894 doluit
791 2829 900 2895 Venus
922 2830 993 2915 ipsa
1013 2830 1212 2912 paremque?
1306 2919 1307 2922 Ἴ

266 2923 299 2971 10
353 2911 416 2976 Per
437 2933 471 2976 se
492 2913 641 2978 formosis
662 2914 820 2978 invidiose
842 2915 939 2980 deest.

313 2997 367 3061 An
388 3001 571 3082 contempta
591 2998 652 3062 tibi
673 2997 805 3064 Iunonis
827 2999 946 3082 templa
967 2997 1059 3062 Pelas
1084 2997 1143 3061 ee?

219 3157 222 3162 ¹
355 3080 493 3146 Palladis
516 3085 571 3146 aut
592 3083 701 3146 oculos
724 3104 800 3146 0000
819 3103 943 3167 negare·
959 3017 1083 3146 bonosi

314 3163 460 3249 Semper,
482 3166 657 3249 formosae,
679 3187 746 3231 non
767 3167 870 3230 nostis
890 3186 1019 3250 parcere
1040 3165 1158 3230 verbis.

354 3247 426 3312 Hoc
447 3250 508 3313 tibi
528 3251 640 3334 lingua
659 3271 796 3333 nocens,
825 3249 886 3314 hoc
907 3250 967 3314 tibi
988 3249 1093 3313 forma
1114 3250 1212 3318 dedit
1305 3235 1306 3242 ¹

267 3344 298 3391 15
314 3330 376 3396 Sed
397 3332 458 3396 tibi
478 3335 610 3399 vexatae
631 3355 689 3418 per
709 3334 812 3404 multa
831 3333 973 3418 pericula
993 3334 1077 3397 vitae

355 3414 507 3496 Extremo
528 3417 636 3482 veniet
655 3418 783 3482 mollior
803 3417 883 3482 hora
905 3417 963 3482 die.

313 3498 349 3562 lo
370 3520 461 3562 versa
482 3506 578 3587 caput
598 3503 718 3588 primos
740 3502 918 3589 mugiverat
939 3523 1057 3567 annos:
