2630 4110
463 188 676 246 PRAEFATIO.
1025 198 1048 246 v

102 356 147 416 sed
161 358 237 431 quali
258 357 319 416 fere
334 360 399 416 tum
413 357 516 416 habitu
531 350 658 418 1111111111
673 377 740 417 cum
754 359 791 416 ad
810 359 936 434 patriam
950 358 1048 433 longis

101 460 116 498 a
134 441 240 501 finibus
259 442 375 501 exsules
395 444 430 500 ut
450 445 495 501 est
519 443 551 500 in
570 445 642 501 noto
663 443 876 518 epigrammate
896 443 1049 501 redierunt

100 525 179 582 idem.
208 523 291 594 Quod
306 525 439 585 studium
455 544 543 601 quam
557 527 630 584 utile
651 527 743 586 fuerit
763 527 872 602 eisqui
892 525 1049 586 tractaturi

100 611 189 668 essent
208 611 337 668 carmina
357 609 394 667 de
415 609 524 685 quibus
544 611 643 686 agitur
667 627 829 670 memorare
849 629 909 670 non
930 611 1047 668 attinet.

100 692 180 765 Nam,
197 694 275 768 quod
290 695 390 766 aiunt,
406 694 521 768 primus
537 695 575 752 ad
589 694 745 754 veritatem
760 695 969 754 inveniendam
983 713 1048 770 gra·

101 775 150 834 dus
161 780 204 835 cst
217 778 499 853 1111111311111111.Ι
516 777 653 837 Ceterum
668 779 723 838 hoc
734 798 852 854 munus,
870 797 1049 854 quamquam

99 861 162 919 satis
182 863 313 936 amplum
332 864 364 920 ct
382 861 495 936 ipsum,
517 863 583 922 aliis
604 866 706 922 tamen
726 864 809 922 auxit
823 866 854 922 at
875 862 1048 921 cumulavit.

99 943 169 1001 Nam
188 947 218 1004 11
244 947 428 1006 coniecturas
449 947 565 1022 aliquot
585 947 701 1005 addidit
726 948 862 1022 proprias
883 965 990 1022 easque
1014 963 1050 1003 er

99 1030 175 1102 parte
195 1031 363 1104 praeclaras
377 1047 432 1089 nec
451 1033 550 1089 minus
564 1031 668 1089 multis
683 1031 715 1088 in
729 1031 803 1089 locis
818 1033 916 1106 aperte
931 1049 1050 1104 corrup-

98 1111 136 1170 tis
142 1113 271 1187 priorum
282 1115 452 1174 criticorum
463 1114 682 1174 emendationes
695 1115 757 1173 sive
772 1115 804 1172 in
811 1117 926 1190 tentum
937 1115 1051 1188 recepit

99 1195 153 1254 sive
171 1193 204 1256 in
217 1198 298 1258 notis
318 1199 485 1274 proposuit,
510 1217 548 1258 ne
563 1199 676 1258 scilicet
689 1199 778 1257 nimis
792 1199 881 1258 rudes
895 1197 1050 1274 indigesti·

99 1297 149 1353 que
167 1282 339 1342 viderentur
357 1283 454 1342 libelli
473 1283 520 1341 illi
540 1283 755 1360 elegantissimi
776 1283 829 1342 sed
848 1283 957 1341 iniuria
977 1285 1050 1340 tem·

98 1381 194 1438 porum
209 1366 447 1442 depravatissimi
461 1370 554 1442 utque
569 1368 743 1426 auctoritate
758 1369 788 1426 et
805 1368 939 1442 exemplo
953 1369 1050 1442 postc-

97 1448 180 1508 riores
194 1451 314 1510 criticos
329 1451 498 1510 hortaretur
513 1452 550 1509 ad
565 1451 718 1510 manduca
733 1470 808 1527 quae
822 1453 927 1510 relicta
942 1455 1049 1522 essent,

99 1549 159 1591 sane
186 1534 246 1593 illis
273 1553 350 1610 quae
373 1535 489 1595 sublata
516 1553 578 1594 non
597 1536 755 1610 pauciora,
785 1536 877 1594 simili
904 1535 1050 1594 industria
1119 1599 1124 1608 ¹

98 1619 274 1678 removenda.
832 1665 834 1670 .

153 1701 212 1762 Has
228 1706 343 1776 autem,
364 1721 425 1762 non
445 1704 532 1776 alias,
554 1705 685 1763 rationes
708 1703 801 1784 fuisse
816 1703 1000 1763 Lachmanni
1019 1703 1051 1762 in

97 1787 258 1846 recensione
274 1788 454 1846 croticorum
469 1807 494 1846 a.
512 1788 592 1846 1829
608 1789 641 1846 in
654 1789 707 1846 vul
750 1807 763 1846 s
779 1789 886 1847 emissa
900 1791 930 1846 et
941 1785 1052 1846 Catulli

99 1869 252 1938 carminum
267 1872 404 1945 exemplo
419 1872 556 1930 firmatur
567 1874 596 1930 et
610 1806 830 1947 magisll'libulli
845 1890 878 1929 ac
891 1870 1050 1944 Propertii.

99 1948 237 2018 Quantum
253 1955 292 2022 ad
303 1955 435 2028 Albium,
452 1956 638 2030 potissimam
648 1973 681 2013 ac
695 1973 787 2030 prope
801 1955 920 2014 unicam
934 1953 1052 2012 laudem

99 2036 227 2099 editionis
241 2039 501 2099 Lachmannianac
515 2041 548 2098 in
562 2057 596 2098 eo
608 2058 671 2098 1111
685 2039 824 2114 positam,
841 2039 922 2115 quod
936 2039 1051 2114 primus

99 2119 180 2180 verba
197 2125 286 2184 huius
302 2116 336 2182 in
356 2127 502 2200 quantum
516 2125 617 2199 potuit
630 2123 696 2183 fieri
710 2124 747 2182 ab
762 2123 906 2182 Italorum
921 2125 1051 2197 interpo-

99 2203 250 2279 lationibus
261 2208 414 2268 vindicata
423 2209 664 2284 repraesentavit,
679 2210 739 2266 iam
751 2209 861 2284 optime
872 2209 1053 2266 monuerunt

98 2284 289 2352 111111111111
319 2293 352 2350 in
378 2292 482 2352 libello
510 2293 546 2352 de
576 2292 752 2352 emendandi
780 2292 894 2351 Tibulli
922 2291 1052 2350 carmina

97 2374 253 2437 rationibus
265 2377 378 2452 scripto
391 2409 422 2420 ·-
432 2378 458 2437 is
470 2377 600 2436 insertus
608 2377 784 2435 Academiae
795 2376 1051 2435 Amstelodamen-

100 2455 135 2514 sis
150 2461 431 2522 commentationum
444 2462 643 2520 literariarum
657 2461 737 2536 parti
751 2461 778 2518 X
792 2491 834 2502 -
851 2455 912 2538 [pg.
929 2461 957 2518 2.
971 2455 1050 2537 sqq.]

99 2542 125 2598 ct
138 2545 235 2616 paullo
256 2548 328 2620 post
340 2544 520 2605 Bitschelius
540 2547 573 2604 in
588 2545 730 2622 opusculo
746 2545 781 2602 de
796 2545 928 2604 eiusdem
947 2546 1051 2618 poetae

98 2623 183 2700 elegia
203 2631 312 2704 quarta
331 2629 401 2688 libri
422 2631 527 2705 primi,
553 2630 633 2705 quod
653 2631 734 2688 111111
754 2630 787 2688 in
807 2629 880 2688 actis
902 2626 1051 2686 societatis

98 2705 236 2774 literariaa
257 2713 419 2772 Saxonicae
441 2735 466 2772 a.
491 2715 571 2774 1866
594 2714 682 2774 editis
705 2710 764 2792 [pg.
782 2713 799 2770 2
814 2708 885 2792 sq.].
928 2711 968 2770 Et
986 2711 1052 2768 her·

99 2792 157 2851 cula
177 2799 243 2870 quis
265 2799 366 2858 credet
385 2798 622 2871 Lachmannum,
647 2797 850 2858 commentarii
864 2795 1053 2870 Propertiani

97 2872 320 2958 Lucretianiqua
334 2883 420 2940 illum
434 2885 599 2956 auctorem,
620 2881 795 2942 relicturum
815 2881 906 2940 fuisso
925 2881 1051 2940 intactos

97 2959 126 3016 in
138 2962 251 3025 Tibullo
267 2969 315 3026 tot
328 2967 431 3039 locos,
446 2968 498 3042 qui
510 2967 559 3025 vel
573 2986 590 3024 a
604 2985 693 3026 sensu
708 2967 858 3026 communi
876 2964 925 3024 vel
946 2984 962 3022 a
976 2983 1052 3037 pura

97 3043 237 3109 latinitate
256 3051 346 3125 plane
366 3051 574 3124 abhorrerent,
603 3050 629 3110 si
649 3051 748 3126 potius
769 3049 851 3108 aliud
872 3048 944 3124 quid
964 3065 1053 3122 quam

97 3131 226 3192 codicum
240 3135 422 3210 optimorum
441 3135 620 3210 scripturam
638 3137 704 3192 tum
724 3134 865 3208 temporis
886 3150 1052 3208 proponere

97 3217 201 3277 vellet?
234 3218 337 3278 Etiam
358 3220 488 3295 apertior
506 3238 554 3279 res
570 3221 616 3279 est
635 3219 667 3276 in
680 3217 832 3293 Propertii
847 3216 986 3276 editione.
1015 3215 1052 3276 In

97 3318 151 3374 qna
160 3302 274 3362 relictis
286 3303 446 3379 plerisque,
460 3322 535 3379 quae
546 3304 609 3379 ipse
621 3303 692 3360 olim
702 3302 888 3378 sagacissime
902 3303 1053 3360 detexerat

96 3383 171 3445 vitiis
185 3388 271 3446 nulla
285 3387 347 3446 1111
363 3407 452 3464 quam
465 3384 539 3462 quae
553 3386 669 3462 pridem
680 3386 717 3444 ab
731 3386 817 3446 Italis
829 3389 941 3446 remota
953 3387 1053 3444 essent

96 3471 196 3532 menda
210 3471 350 3546 sustulit,
369 3471 520 3532 Friderici
534 3469 636 3530 Iacobi
649 3471 838 3546 potissimum
851 3469 1053 3530 recensionem
