2630 4110
435 187 647 245 PRAEFATIO.
944 202 1020 252 xxv

58 356 246 430 monendum,
262 355 295 414 id
309 355 389 431 quod
402 355 490 416 facile
505 356 667 416 concedent
680 355 824 432 plerique,
840 373 900 416 non
915 341 930 416 e
946 357 1019 416 Var-

58 441 148 514 ronis,
171 443 207 498 ut
221 439 352 499 durioris
366 441 489 516 poetae,
511 442 563 498 aut
578 459 593 498 e
609 440 801 515 Maecenatis,
817 443 852 499 ut
865 442 1018 516 molliculi,

58 525 233 600 fragmentis
255 523 308 582 sed
328 541 364 582 ex
384 523 477 598 ipsius
497 521 610 582 Valerii
630 525 758 584 carmine
778 543 922 598 normam,
944 544 1019 602 quae

57 607 201 682 placuerit
214 607 292 681 hnic,
308 607 462 666 metricam
478 624 541 666 esse
556 607 757 683 repetendam.
777 608 882 683 ltaque
897 613 1021 684 apparet

57 691 135 766 quod
155 693 188 748 et
204 691 363 750 Sentenius
376 689 524 766 persensit
543 709 689 766 nusquam
702 691 833 750 ionicum
848 712 864 749 a
878 693 950 750 min.
965 713 1018 768 pu-

57 795 122 832 rum
142 774 271 848 reperiri
290 775 323 832 in
348 774 403 832 hoo
430 775 567 832 carmine.
611 774 689 834 Nam
709 795 738 835 v.
756 777 794 834 18
815 794 851 834 ex
870 795 919 848 eo,
940 777 1019 851 qnod

57 858 202 932 praebent
223 857 285 916 fere
306 856 505 931 membranae,
526 859 647 917 baturato
666 861 809 918 crocitotc'a
827 878 888 918 non
902 859 1018 918 elicien-

58 942 135 1013 dum,
160 941 219 999 etsi
240 941 351 1016 placuit
370 941 534 1016 plerisque,
556 943 678 1002 bdurcte
691 959 757 1002 uere
770 945 865 1002 matis
884 943 935 1002 sed
954 961 1020 1003 erce

57 1027 170 1095 citat&
190 1043 262 1082 nam
282 1026 313 1084 et
332 1025 369 1082 ad
383 1025 561 1084 sententiam
575 1025 664 1100 longe
678 1025 785 1084 melius
799 1025 896 1084 habet.
925 1026 1018 1085 Porro

58 1129 84 1168 v.
102 1110 143 1168 60
170 1107 290 1166 videtur
308 1108 428 1182 quidem
452 1108 578 1168 indicari
604 1108 750 1166 librorum
770 1109 959 1184 corruptelis,
988 1109 1021 1168 id

59 1191 137 1267 quod
159 1194 207 1250 est
225 1195 405 1270 pyrocarae
427 1191 479 1251 sed
498 1191 704 1267 reponendum
724 1191 804 1250 haud
822 1192 911 1251 dubie
923 1195 1019 1269 pumt-

57 1277 165 1345 ouac'is;
188 1275 235 1332 cui
256 1275 439 1334 coniecturae
464 1274 544 1333 haud
570 1294 639 1334 sane
660 1293 766 1351 parum
791 1295 826 1334 ex
849 1295 884 1335 eo
909 1277 1020 1336 cecedit

58 1357 213 1434 praesidii,
240 1359 319 1433 quod
338 1359 490 1434 antiquam
511 1358 593 1418 addit
612 1359 739 1418 orationi
759 1361 949 1436 gravitatem,
971 1379 1019 1420 cu-

58 1444 102 1502 ius
122 1461 214 1518 quam
235 1442 328 1501 fuerit
346 1442 495 1502 studiosus
516 1441 650 1502 Catullus
674 1441 715 1518 in[
729 1443 809 1516 atti,
830 1444 1019 1519 epithalamio

58 1526 149 1598 Pelei,
174 1525 271 1602 elegia
290 1525 327 1583 ad
346 1525 470 1598 Allium,
493 1544 576 1585 coma
590 1526 747 1586 Berenices
762 1527 885 1602 aliisque
900 1528 1019 1587 maioris

58 1610 145 1684 spatii
168 1609 362 1682 carminibus,
382 1610 462 1668 inter
484 1629 587 1669 omnes
606 1613 731 1670 constat.
768 1609 907 1668 Ceteram
930 1612 1019 1670 etiam

58 1693 226 1768 posteriore
240 1694 329 1768 longe
344 1695 478 1769 tempore
490 1696 691 1768 pumicosum
711 1693 786 1751 dixit
799 1691 895 1752 Varro
910 1694 938 1752 d.
954 1715 978 1752 r.
994 1715 1019 1754 r.

58 1777 81 1850 I,
103 1778 160 1848 55,
183 1777 212 1834 4.
247 1775 383 1834 Videnda
402 1795 477 1851 quae
497 1776 572 1835 dixit
591 1775 628 1834 de
654 1775 708 1834 hac
727 1776 823 1834 forma
842 1777 1019 1837 Bitschelius
1043 1849 1046 1856 .

60 1880 106 1936 op.
122 1859 163 1932 11,
180 1860 250 1920 483.
267 1861 338 1919 499.
355 1861 426 1920 500.
443 1861 514 1918 517.
530 1861 601 1918 520.

121 1943 227 2002 Restat
253 1963 283 2004 r.
311 1943 367 2002 54:
408 1948 435 2003 et
460 1959 562 2003 aarum
590 1944 690 2002 canuc
718 1943 829 2002 aduam
857 1942 1021 2015 furibunda

59 2027 191 2087 latibula.

122 2111 169 2170 Ex
189 2111 244 2170 hoo
265 2111 386 2186 quidem
408 2111 598 2172 insolentiam
620 2113 709 2170 metri
729 2111 871 2170 facillimo
891 2113 1021 2172 remedio

60 2195 104 2254 usi
123 2197 318 2254 removenmt
342 2195 477 2272 plerique
504 2195 658 2255 scribendo
680 2199 707 2254 et
732 2212 832 2254 curura
858 2197 898 2255 od
922 2199 1022 2256 omnio

59 2282 149 2350 irem;
171 2279 225 2337 sed
245 2281 418 2354 corruptum
432 2279 532 2354 potius
546 2281 593 2338 est
606 2278 705 2353 ipsum
718 2277 795 2336 illud
813 2282 922 2348 oruata,
942 2280 1022 2354 quod

61 2381 150 2438 quam
171 2362 348 2438 languidum
368 2363 408 2422 ait
417 2417 418 2422 ,
428 2380 576 2437 quamque
591 2361 721 2420 alienum
736 2381 753 2418 a
766 2362 921 2422 maiestate
935 2363 1021 2423 huius

60 2445 208 2518 carminis,
230 2446 327 2504 dicere
351 2464 412 2505 non
432 2446 549 2504 attinet.
578 2445 683 2520 Itaque
712 2445 899 2520 reposuimus
925 2452 1023 2519 operta

62 2527 130 2606 (hoc
142 2531 191 2588 est
204 2532 275 2606 opta
288 2547 342 2604 pro
358 2525 428 2605 dia),
443 2528 595 2603 potuimus
610 2529 700 2587 etiam
714 2546 805 2602 opaca
820 2525 868 2606 (ut
882 2531 928 2588 est
940 2549 969 2589 u.
978 2527 1021 2606 3),

61 2613 139 2688 quod
154 2613 264 2672 omissa
274 2612 380 2670 ultima
394 2612 510 2688 syllaba
524 2614 556 2671 et
568 2613 667 2688 ipsum
681 2613 768 2670 facile
782 2612 882 2688 potuit
896 2612 976 2670 abire
990 2613 1036 2696 in„

61 2715 169 2758 muca.

125 2780 266 2840 Ceterum
281 2799 317 2839 ex
330 2781 376 2840 his
392 2783 524 2856 apparet,
540 2797 629 2855 quam
644 2781 684 2839 sit
698 2799 715 2837 a
728 2779 938 2854 probabilitate
953 2780 1022 2839 alie·

62 2883 143 2937 num,
164 2865 245 2940 qnod
264 2864 470 2924 Lachmannus
484 2883 513 2924 v.
530 2865 568 2922 75
589 2863 777 2948 scribendum
798 2881 862 2923 esse
875 2865 1024 2939 persuasit

63 2949 212 3023 plerisque
229 2950 363 3024 comicos
375 2951 480 3008 matria
494 2949 534 3008 ud
547 2965 643 3017 omes,
664 2947 716 3022 qui
731 2947 851 3022 quidem
865 2964 918 3004 cur
931 2947 1022 3005 tradi-

63 3035 124 3088 tam
143 3033 325 3107 scripturam
346 3035 479 3106 pominus
504 3033 624 3092 ᾱεονιωη
643 3032 683 3090 ud
702 3047 788 3090 muas
806 3029 1023 3105 ineptissimam

64 3115 186 3188 vocarit,
202 3114 341 3190 equidem
355 3115 406 3174 din
426 3115 587 3176 meditatus
602 3114 733 3190 reperire
747 3132 809 3173 non
822 3113 916 3187 potui.
945 3113 1023 3172 Nam

64 3197 138 3256 illud
149 3201 285 3272 uomicae
299 3216 386 3259 awos
400 3217 466 3258 oum
479 3199 626 3258 formulae
641 3199 681 3256 sit
694 3197 799 3269 instar,
814 3196 890 3255 nihil
903 3195 1022 3270 hebere,

65 3281 143 3355 quod
156 3283 293 3357 ineptum
308 3281 357 3354 ait,
372 3283 450 3341 ultro
466 3281 629 3342 concedent
643 3298 754 3339 omnes.
774 3280 868 3340 Porro
883 3281 955 3356 quid
969 3281 1023 3338 mi·

65 3383 130 3422 rum
149 3365 232 3424 Attis
252 3365 381 3440 querelis
402 3365 570 3424 adlatisad
589 3365 713 3422 deorum
740 3383 825 3424 ames
845 3365 963 3424 nullum
988 3383 1024 3420 ex

65 3447 107 3506 his
128 3449 249 3524 gravius
271 3451 451 3508 commoveri
470 3451 535 3509 eius
555 3447 655 3524 dens,
676 3448 734 3508 nisi
754 3449 862 3520 solam,
883 3447 921 3506 ad
936 3465 1034 3538 quamfl

112 3587 235 3620 “NINE
356 3597 357 3601 ¹
807 3575 823 3613 ὓ
