<?xml version="1.0" encoding="UTF-8"?>
<!DOCTYPE html PUBLIC "-//W3C//DTD XHTML 1.0 Transitional//EN"
    "http://www.w3.org/TR/xhtml1/DTD/xhtml1-transitional.dtd">
<html xmlns="http://www.w3.org/1999/xhtml" xml:lang="en" lang="en">
 <head>
  <title>
</title>
<meta http-equiv="Content-Type" content="text/html;charset=utf-8" />
  <meta name='ocr-system' content='tesseract 3.04.00' />
  <meta name='ocr-capabilities' content='ocr_page ocr_carea ocr_par ocr_line ocrx_word'/>
</head>
<body>
  <div class='ocr_page' id='page_1' title='image "./catullitibullip01catugoog_0259.png"; bbox 0 0 2666 4138; ppageno 0'>
   <div class='ocr_carea' id='block_1_1' title="bbox 491 253 1068 318">
    <p class='ocr_par' dir='ltr' id='par_1_1' title="bbox 491 253 1068 318">
     <span class='ocr_line' id='line_1_1' title="bbox 491 253 1068 318; baseline 0.016 -9"><span class='ocrx_word' id='word_1_1' title='bbox 491 253 704 311; x_wconf 82' lang='lat' dir='ltr'><strong>PRAEFATIO.</strong></span> <span class='ocrx_word' id='word_1_2' title='bbox 981 267 1068 318; x_wconf 80' lang='lat' dir='ltr'>XXXI</span> 
     </span>
    </p>
   </div>
   <div class='ocr_carea' id='block_1_2' title="bbox 16 420 1103 1162">
    <p class='ocr_par' dir='ltr' id='par_1_2' title="bbox 33 420 1068 751">
     <span class='ocr_line' id='line_1_2' title="bbox 169 420 1068 497; baseline 0.01 -19"><span class='ocrx_word' id='word_1_3' title='bbox 169 420 264 480; x_wconf 78' lang='lat' dir='ltr'>Elicio</span> <span class='ocrx_word' id='word_1_4' title='bbox 283 420 392 497; x_wconf 81' lang='lat' dir='ltr'>longae</span> <span class='ocrx_word' id='word_1_5' title='bbox 411 421 444 480; x_wconf 88' lang='lat' dir='ltr'>in</span> <span class='ocrx_word' id='word_1_6' title='bbox 463 423 553 481; x_wconf 86' lang='lat' dir='ltr'>tertia</span> <span class='ocrx_word' id='word_1_7' title='bbox 573 421 636 482; x_wconf 87' lang='lat' dir='ltr'>sive</span> <span class='ocrx_word' id='word_1_8' title='bbox 657 422 716 482; x_wconf 88' lang='lat' dir='ltr'>arsi</span> <span class='ocrx_word' id='word_1_9' title='bbox 738 440 790 481; x_wconf 89' lang='lat' dir='ltr'>seu</span> <span class='ocrx_word' id='word_1_10' title='bbox 809 422 886 483; x_wconf 88' lang='lat' dir='ltr'>thesi</span> <span class='ocrx_word' id='word_1_11' title='bbox 905 423 1068 488; x_wconf 77' lang='lat' dir='ltr'>hexametri</span> 
     </span>
     <span class='ocr_line' id='line_1_3' title="bbox 33 505 1067 580; baseline 0.006 -16"><span class='ocrx_word' id='word_1_12' title='bbox 33 541 36 546; x_wconf 94' lang='lat'>-</span> <span class='ocrx_word' id='word_1_13' title='bbox 101 505 204 579; x_wconf 75' lang='lat' dir='ltr'>nulla,</span> <span class='ocrx_word' id='word_1_14' title='bbox 220 523 286 563; x_wconf 84' lang='lat' dir='ltr'>eam</span> <span class='ocrx_word' id='word_1_15' title='bbox 299 505 399 580; x_wconf 87' lang='lat' dir='ltr'>legem</span> <span class='ocrx_word' id='word_1_16' title='bbox 414 506 507 565; x_wconf 85' lang='lat' dir='ltr'>semel</span> <span class='ocrx_word' id='word_1_17' title='bbox 517 507 665 567; x_wconf 77' lang='lat' dir='ltr'><strong>inversam</strong></span> <span class='ocrx_word' id='word_1_18' title='bbox 676 506 826 567; x_wconf 86' lang='lat' dir='ltr'>inveneris</span> <span class='ocrx_word' id='word_1_19' title='bbox 840 507 872 566; x_wconf 88' lang='lat' dir='ltr'>in</span> <span class='ocrx_word' id='word_1_20' title='bbox 883 507 976 568; x_wconf 89' lang='lat' dir='ltr'>altera</span> <span class='ocrx_word' id='word_1_21' title='bbox 990 510 1067 570; x_wconf 86' lang='lat' dir='ltr'>thesi</span> 
     </span>
     <span class='ocr_line' id='line_1_4' title="bbox 102 584 454 668; baseline 0.006 -20"><span class='ocrx_word' id='word_1_22' title='bbox 102 590 287 666; x_wconf 73' lang='lat' dir='ltr'><strong>pentametri</strong></span> <span class='ocrx_word' id='word_1_23' title='bbox 304 584 340 668; x_wconf 87' lang='lat'>[1,</span> <span class='ocrx_word' id='word_1_24' title='bbox 356 589 385 662; x_wconf 79' lang='grc'>2,</span> <span class='ocrx_word' id='word_1_25' title='bbox 402 585 454 668; x_wconf 86' lang='grc'>58]</span> 
     </span>
     <span class='ocr_line' id='line_1_5' title="bbox 259 671 858 751; baseline 0.005 -19"><span class='ocrx_word' id='word_1_26' title='bbox 259 672 373 732; x_wconf 87' lang='lat' dir='ltr'>omnia:</span> <span class='ocrx_word' id='word_1_27' title='bbox 389 671 426 731; x_wconf 85' lang='lat' dir='ltr'>de</span> <span class='ocrx_word' id='word_1_28' title='bbox 440 691 486 733; x_wconf 86' lang='lat' dir='ltr'>mc</span> <span class='ocrx_word' id='word_1_29' title='bbox 499 691 559 734; x_wconf 87' lang='lat' dir='ltr'>uno</span> <span class='ocrx_word' id='word_1_30' title='bbox 574 675 683 734; x_wconf 85' lang='lat' dir='ltr'>sentiet</span> <span class='ocrx_word' id='word_1_31' title='bbox 696 675 760 751; x_wconf 87' lang='lat' dir='ltr'>ipse</span> <span class='ocrx_word' id='word_1_32' title='bbox 774 675 858 735; x_wconf 89' lang='lat' dir='ltr'>nihil.</span> 
     </span>
    </p>

    <p class='ocr_par' dir='ltr' id='par_1_3' title="bbox 16 756 1066 916">
     <span class='ocr_line' id='line_1_6' title="bbox 105 756 1066 836; baseline 0.004 -20"><span class='ocrx_word' id='word_1_33' title='bbox 105 756 166 816; x_wconf 84' lang='lat' dir='ltr'>Sed</span> <span class='ocrx_word' id='word_1_34' title='bbox 195 756 227 816; x_wconf 90' lang='lat' dir='ltr'>in</span> <span class='ocrx_word' id='word_1_35' title='bbox 255 757 360 832; x_wconf 91' lang='lat' dir='ltr'>quinto</span> <span class='ocrx_word' id='word_1_36' title='bbox 389 757 538 833; x_wconf 76' lang='lat' dir='ltr'><strong>semipede</strong></span> <span class='ocrx_word' id='word_1_37' title='bbox 566 757 698 818; x_wconf 90' lang='lat' dir='ltr'>eiusdem</span> <span class='ocrx_word' id='word_1_38' title='bbox 726 777 830 819; x_wconf 84' lang='lat' dir='ltr'>versus</span> <span class='ocrx_word' id='word_1_39' title='bbox 855 759 1066 836; x_wconf 82' lang='lat' dir='ltr'>synaloepham</span> 
     </span>
     <span class='ocr_line' id='line_1_7' title="bbox 16 840 563 916; baseline 0.002 -17"><span class='ocrx_word' id='word_1_40' title='bbox 16 861 18 912; x_wconf 53' lang='grc' dir='ltr'>ν</span> <span class='ocrx_word' id='word_1_41' title='bbox 103 859 323 916; x_wconf 76' lang='lat' dir='ltr'><strong>quamcumque</strong></span> <span class='ocrx_word' id='word_1_42' title='bbox 338 840 457 900; x_wconf 87' lang='lat' dir='ltr'>admitti</span> <span class='ocrx_word' id='word_1_43' title='bbox 469 841 563 900; x_wconf 87' lang='lat' dir='ltr'>nefas.</span> 
     </span>
    </p>

    <p class='ocr_par' dir='ltr' id='par_1_4' title="bbox 103 923 1103 1088">
     <span class='ocr_line' id='line_1_8' title="bbox 168 923 1103 1002; baseline 0.005 -19"><span class='ocrx_word' id='word_1_44' title='bbox 168 924 277 984; x_wconf 78' lang='lat' dir='ltr'><strong>Hiatus</strong></span> <span class='ocrx_word' id='word_1_45' title='bbox 296 925 465 1000; x_wconf 86' lang='lat' dir='ltr'>exemplum</span> <span class='ocrx_word' id='word_1_46' title='bbox 479 944 572 984; x_wconf 90' lang='lat' dir='ltr'><strong>unum</strong></span> <span class='ocrx_word' id='word_1_47' title='bbox 585 923 752 1000; x_wconf 83' lang='lat' dir='ltr'>invenitur,</span> <span class='ocrx_word' id='word_1_48' title='bbox 774 927 854 1002; x_wconf 85' lang='lat' dir='ltr'><strong>quod</strong></span> <span class='ocrx_word' id='word_1_49' title='bbox 868 945 920 986; x_wconf 88' lang='lat' dir='ltr'>cur</span> <span class='ocrx_word' id='word_1_50' title='bbox 934 945 1064 990; x_wconf 87' lang='lat' dir='ltr'>remove·</span> <span class='ocrx_word' id='word_1_51' title='bbox 1100 971 1103 977; x_wconf 85' lang='lat'><em>·</em></span> 
     </span>
     <span class='ocr_line' id='line_1_9' title="bbox 103 1003 527 1088; baseline 0.005 -21"><span class='ocrx_word' id='word_1_52' title='bbox 103 1027 170 1068; x_wconf 91' lang='lat' dir='ltr'>rem</span> <span class='ocrx_word' id='word_1_53' title='bbox 184 1027 245 1068; x_wconf 89' lang='lat' dir='ltr'>non</span> <span class='ocrx_word' id='word_1_54' title='bbox 258 1009 360 1069; x_wconf 81' lang='lat' dir='ltr'>inueni</span> <span class='ocrx_word' id='word_1_55' title='bbox 377 1003 412 1088; x_wconf 90' lang='lat'>[1,</span> <span class='ocrx_word' id='word_1_56' title='bbox 429 1009 457 1082; x_wconf 81' lang='lat'>5,</span> <span class='ocrx_word' id='word_1_57' title='bbox 474 1004 527 1088; x_wconf 91' lang='grc'>33]</span> 
     </span>
    </p>

    <p class='ocr_par' dir='ltr' id='par_1_5' title="bbox 190 1091 940 1162">
     <span class='ocr_line' id='line_1_10' title="bbox 190 1091 940 1162; baseline 0.003 -12"><span class='ocrx_word' id='word_1_58' title='bbox 190 1095 222 1151; x_wconf 90' lang='lat' dir='ltr'>et</span> <span class='ocrx_word' id='word_1_59' title='bbox 235 1095 352 1152; x_wconf 89' lang='lat' dir='ltr'>tantum</span> <span class='ocrx_word' id='word_1_60' title='bbox 366 1096 507 1154; x_wconf 84' lang='lat' dir='ltr'>venerata</span> <span class='ocrx_word' id='word_1_61' title='bbox 520 1094 625 1162; x_wconf 83' lang='lat' dir='ltr'><strong>cirum,</strong></span> <span class='ocrx_word' id='word_1_62' title='bbox 639 1093 717 1153; x_wconf 89' lang='lat' dir='ltr'>hunc</span> <span class='ocrx_word' id='word_1_63' title='bbox 731 1091 834 1153; x_wconf 84' lang='lat' dir='ltr'>sedula</span> <span class='ocrx_word' id='word_1_64' title='bbox 848 1097 940 1154; x_wconf 89' lang='lat' dir='ltr'>curet.</span> 
     </span>
    </p>
   </div>
   <div class='ocr_carea' id='block_1_3' title="bbox 103 1175 1181 1254">
    <p class='ocr_par' dir='ltr' id='par_1_6' title="bbox 103 1175 1181 1254">
     <span class='ocr_line' id='line_1_11' title="bbox 103 1175 1181 1254; baseline 0.004 -19"><span class='ocrx_word' id='word_1_65' title='bbox 103 1175 267 1253; x_wconf 77' lang='lat' dir='ltr'>Neglectae</span> <span class='ocrx_word' id='word_1_66' title='bbox 288 1177 365 1253; x_wconf 81' lang='lat' dir='ltr'>legis</span> <span class='ocrx_word' id='word_1_67' title='bbox 385 1177 449 1236; x_wconf 89' lang='lat' dir='ltr'>eius</span> <span class='ocrx_word' id='word_1_68' title='bbox 463 1196 522 1252; x_wconf 87' lang='lat' dir='ltr'>qua</span> <span class='ocrx_word' id='word_1_69' title='bbox 536 1179 665 1250; x_wconf 85' lang='lat' dir='ltr'>cavetur,</span> <span class='ocrx_word' id='word_1_70' title='bbox 680 1195 718 1236; x_wconf 91' lang='lat' dir='ltr'>ne</span> <span class='ocrx_word' id='word_1_71' title='bbox 733 1176 807 1236; x_wconf 89' lang='lat' dir='ltr'>duae</span> <span class='ocrx_word' id='word_1_72' title='bbox 823 1177 967 1237; x_wconf 75' lang='lat' dir='ltr'>consonae</span> <span class='ocrx_word' id='word_1_73' title='bbox 982 1198 1064 1254; x_wconf 86' lang='lat' dir='ltr'>prae·</span> <span class='ocrx_word' id='word_1_74' title='bbox 1178 1181 1181 1190; x_wconf 64' lang='lat'><em>⁴</em></span> 
     </span>
    </p>
   </div>
   <div class='ocr_carea' id='block_1_4' title="bbox 97 1260 1065 2850">
    <p class='ocr_par' dir='ltr' id='par_1_7' title="bbox 102 1260 1065 1842">
     <span class='ocr_line' id='line_1_12' title="bbox 103 1260 1065 1337; baseline 0.003 -18"><span class='ocrx_word' id='word_1_75' title='bbox 103 1264 152 1320; x_wconf 82' lang='lat' dir='ltr'>ter</span> <span class='ocrx_word' id='word_1_76' title='bbox 171 1262 287 1320; x_wconf 89' lang='lat' dir='ltr'>mutam</span> <span class='ocrx_word' id='word_1_77' title='bbox 307 1277 375 1320; x_wconf 89' lang='lat' dir='ltr'><strong>cum</strong></span> <span class='ocrx_word' id='word_1_78' title='bbox 393 1261 508 1337; x_wconf 90' lang='lat' dir='ltr'><strong>liquida</strong></span> <span class='ocrx_word' id='word_1_79' title='bbox 527 1260 675 1336; x_wconf 81' lang='lat' dir='ltr'>excipiant</span> <span class='ocrx_word' id='word_1_80' title='bbox 693 1260 814 1321; x_wconf 86' lang='lat' dir='ltr'>brevem</span> <span class='ocrx_word' id='word_1_81' title='bbox 841 1261 960 1320; x_wconf 87' lang='lat' dir='ltr'>finalem</span> <span class='ocrx_word' id='word_1_82' title='bbox 980 1263 1065 1324; x_wconf 90' lang='lat' dir='ltr'>verbi</span> 
     </span>
     <span class='ocr_line' id='line_1_13' title="bbox 102 1344 1065 1422; baseline 0.004 -19"><span class='ocrx_word' id='word_1_83' title='bbox 102 1344 309 1420; x_wconf 86' lang='lat' dir='ltr'>praecedentis</span> <span class='ocrx_word' id='word_1_84' title='bbox 329 1348 451 1421; x_wconf 81' lang='lat' dir='ltr'>excepto</span> <span class='ocrx_word' id='word_1_85' title='bbox 470 1345 523 1405; x_wconf 92' lang='lat' dir='ltr'><strong>ubi</strong></span> <span class='ocrx_word' id='word_1_86' title='bbox 541 1345 617 1404; x_wconf 91' lang='lat' dir='ltr'>nihil</span> <span class='ocrx_word' id='word_1_87' title='bbox 636 1344 762 1404; x_wconf 89' lang='lat' dir='ltr'>interest</span> <span class='ocrx_word' id='word_1_88' title='bbox 781 1363 815 1404; x_wconf 89' lang='lat' dir='ltr'>ea</span> <span class='ocrx_word' id='word_1_89' title='bbox 836 1346 1013 1422; x_wconf 85' lang='lat' dir='ltr'>corripiatur</span> <span class='ocrx_word' id='word_1_90' title='bbox 1027 1366 1065 1408; x_wconf 86' lang='lat' dir='ltr'>an</span> 
     </span>
     <span class='ocr_line' id='line_1_14' title="bbox 102 1428 1063 1506; baseline 0.002 -18"><span class='ocrx_word' id='word_1_91' title='bbox 102 1429 295 1505; x_wconf 79' lang='lat' dir='ltr'><strong>producatur,</strong></span> <span class='ocrx_word' id='word_1_92' title='bbox 305 1428 394 1489; x_wconf 87' lang='lat' dir='ltr'><strong>huius</strong></span> <span class='ocrx_word' id='word_1_93' title='bbox 408 1431 531 1505; x_wconf 90' lang='lat' dir='ltr'><strong>inquam</strong></span> <span class='ocrx_word' id='word_1_94' title='bbox 545 1429 621 1505; x_wconf 76' lang='lat' dir='ltr'>legis</span> <span class='ocrx_word' id='word_1_95' title='bbox 635 1429 787 1506; x_wconf 71' lang='lat' dir='ltr'>neglectae</span> <span class='ocrx_word' id='word_1_96' title='bbox 802 1431 992 1506; x_wconf 88' lang='lat' dir='ltr'>reperiuntur</span> <span class='ocrx_word' id='word_1_97' title='bbox 1006 1431 1063 1491; x_wconf 90' lang='lat' dir='ltr'>duo</span> 
     </span>
     <span class='ocr_line' id='line_1_15' title="bbox 102 1511 1065 1589; baseline 0.002 -17"><span class='ocrx_word' id='word_1_98' title='bbox 102 1515 242 1589; x_wconf 83' lang='lat' dir='ltr'>exempla</span> <span class='ocrx_word' id='word_1_99' title='bbox 260 1515 294 1575; x_wconf 89' lang='lat' dir='ltr'>in</span> <span class='ocrx_word' id='word_1_100' title='bbox 312 1513 456 1574; x_wconf 83' lang='lat' dir='ltr'>vocabulo</span> <span class='ocrx_word' id='word_1_101' title='bbox 476 1512 604 1588; x_wconf 90' lang='lat' dir='ltr'><strong>quodam</strong></span> <span class='ocrx_word' id='word_1_102' title='bbox 626 1511 737 1573; x_wconf 87' lang='lat' dir='ltr'>Graeco</span> <span class='ocrx_word' id='word_1_103' title='bbox 753 1530 847 1588; x_wconf 90' lang='lat' dir='ltr'>eoque</span> <span class='ocrx_word' id='word_1_104' title='bbox 860 1513 962 1589; x_wconf 90' lang='lat' dir='ltr'>inepto</span> <span class='ocrx_word' id='word_1_105' title='bbox 978 1515 1065 1574; x_wconf 88' lang='lat' dir='ltr'>aliter</span> 
     </span>
     <span class='ocr_line' id='line_1_16' title="bbox 103 1596 1062 1760; baseline 0.001 -103"><span class='ocrx_word' id='word_1_106' title='bbox 103 1601 201 1658; x_wconf 86' lang='lat' dir='ltr'>metro</span> <span class='ocrx_word' id='word_1_107' title='bbox 222 1597 369 1674; x_wconf 85' lang='lat' dir='ltr'>dactylico</span> <span class='ocrx_word' id='word_1_108' title='bbox 389 1600 427 1760; x_wconf 72' lang='lat' dir='ltr'>et]</span> <span class='ocrx_word' id='word_1_109' title='bbox 441 1596 562 1674; x_wconf 90' lang='lat' dir='ltr'><strong>quidem</strong></span> <span class='ocrx_word' id='word_1_110' title='bbox 586 1596 694 1656; x_wconf 87' lang='lat' dir='ltr'>ultima</span> <span class='ocrx_word' id='word_1_111' title='bbox 718 1600 802 1673; x_wconf 78' lang='lat' dir='ltr'>parte</span> <span class='ocrx_word' id='word_1_112' title='bbox 827 1615 930 1658; x_wconf 84' lang='lat' dir='ltr'>versus</span> <span class='ocrx_word' id='word_1_113' title='bbox 954 1598 1062 1660; x_wconf 88' lang='lat' dir='ltr'>heroici</span> 
     </span>
     <span class='ocr_line' id='line_1_17' title="bbox 118 1681 415 1757; baseline 0 -17"><span class='ocrx_word' id='word_1_114' title='bbox 118 1683 141 1757; x_wconf 93' lang='lat' dir='ltr'>I,</span> <span class='ocrx_word' id='word_1_115' title='bbox 161 1683 189 1754; x_wconf 95' lang='grc'>1,</span> <span class='ocrx_word' id='word_1_116' title='bbox 207 1681 415 1754; x_wconf 81' lang='lat'>51.11,4,27</span> 
     </span>
     <span class='ocr_line' id='line_1_18' title="bbox 103 1679 919 1842; baseline 0.002 -18"><span class='ocrx_word' id='word_1_117' title='bbox 103 1679 116 1762; x_wconf 76' lang='lat'>[</span> <span class='ocrx_word' id='word_1_118' title='bbox 189 1785 207 1824; x_wconf 92' lang='lat' dir='ltr'>o</span> <span class='ocrx_word' id='word_1_119' title='bbox 221 1767 397 1841; x_wconf 81' lang='lat' dir='ltr'>quantumst</span> <span class='ocrx_word' id='word_1_120' title='bbox 410 1766 475 1824; x_wconf 90' lang='lat' dir='ltr'>auri</span> <span class='ocrx_word' id='word_1_121' title='bbox 488 1765 587 1842; x_wconf 83' lang='lat' dir='ltr'>potius</span> <span class='ocrx_word' id='word_1_122' title='bbox 600 1769 756 1841; x_wconf 78' lang='lat' dir='ltr'>pereatque</span> <span class='ocrx_word' id='word_1_123' title='bbox 769 1767 919 1842; x_wconf 74' lang='lat' dir='ltr'>ancruydi</span> 
     </span>
    </p>

    <p class='ocr_par' dir='ltr' id='par_1_8' title="bbox 188 1849 973 1926">
     <span class='ocr_line' id='line_1_19' title="bbox 188 1849 973 1926; baseline 0 -18"><span class='ocrx_word' id='word_1_124' title='bbox 188 1869 206 1908; x_wconf 94' lang='lat' dir='ltr'>o</span> <span class='ocrx_word' id='word_1_125' title='bbox 221 1852 325 1926; x_wconf 90' lang='lat' dir='ltr'>pereat</span> <span class='ocrx_word' id='word_1_126' title='bbox 338 1849 516 1926; x_wconf 81' lang='lat' dir='ltr'><strong>quicumque</strong></span> <span class='ocrx_word' id='word_1_127' title='bbox 530 1850 606 1926; x_wconf 80' lang='lat' dir='ltr'>legit</span> <span class='ocrx_word' id='word_1_128' title='bbox 618 1850 783 1923; x_wconf 80' lang='lat' dir='ltr'>viridesque</span> <span class='ocrx_word' id='word_1_129' title='bbox 796 1852 973 1925; x_wconf 65' lang='lat' dir='ltr'>marcadus.</span> 
     </span>
    </p>

    <p class='ocr_par' dir='ltr' id='par_1_9' title="bbox 165 1927 1061 2014">
     <span class='ocr_line' id='line_1_20' title="bbox 165 1927 1061 2014; baseline -0.002 -20"><span class='ocrx_word' id='word_1_130' title='bbox 165 1933 220 1994; x_wconf 86' lang='lat' dir='ltr'>Bis</span> <span class='ocrx_word' id='word_1_131' title='bbox 235 1934 325 1993; x_wconf 88' lang='lat' dir='ltr'>etiam</span> <span class='ocrx_word' id='word_1_132' title='bbox 339 1933 564 2009; x_wconf 87' lang='lat' dir='ltr'>productionem</span> <span class='ocrx_word' id='word_1_133' title='bbox 578 1933 669 1992; x_wconf 90' lang='lat' dir='ltr'>habes</span> <span class='ocrx_word' id='word_1_134' title='bbox 683 1932 782 1992; x_wconf 91' lang='lat' dir='ltr'>brevis</span> <span class='ocrx_word' id='word_1_135' title='bbox 800 1927 835 2010; x_wconf 70' lang='lat'>(1,</span> <span class='ocrx_word' id='word_1_136' title='bbox 852 1934 881 2007; x_wconf 84' lang='lat'>5,</span> <span class='ocrx_word' id='word_1_137' title='bbox 898 1934 947 1994; x_wconf 83' lang='lat'>28.</span> <span class='ocrx_word' id='word_1_138' title='bbox 964 1935 993 2008; x_wconf 87' lang='grc'>6,</span> <span class='ocrx_word' id='word_1_139' title='bbox 1010 1930 1061 2014; x_wconf 88' lang='grc'>34]</span> 
     </span>
    </p>

    <p class='ocr_par' dir='ltr' id='par_1_10' title="bbox 188 2015 875 2094">
     <span class='ocr_line' id='line_1_21' title="bbox 188 2015 875 2094; baseline -0.001 -17"><span class='ocrx_word' id='word_1_140' title='bbox 188 2037 243 2093; x_wconf 85' lang='lat' dir='ltr'>pro</span> <span class='ocrx_word' id='word_1_141' title='bbox 259 2023 359 2094; x_wconf 73' lang='lat' dir='ltr'>segete</span> <span class='ocrx_word' id='word_1_142' title='bbox 371 2020 476 2092; x_wconf 74' lang='lat' dir='ltr'>spicas,</span> <span class='ocrx_word' id='word_1_143' title='bbox 491 2035 545 2094; x_wconf 88' lang='lat' dir='ltr'>pro</span> <span class='ocrx_word' id='word_1_144' title='bbox 560 2035 651 2093; x_wconf 83' lang='lat' dir='ltr'>grege</span> <span class='ocrx_word' id='word_1_145' title='bbox 667 2017 744 2076; x_wconf 87' lang='lat' dir='ltr'>ferre</span> <span class='ocrx_word' id='word_1_146' title='bbox 760 2015 875 2092; x_wconf 84' lang='lat' dir='ltr'>dapem.</span> 
     </span>
    </p>

    <p class='ocr_par' dir='ltr' id='par_1_11' title="bbox 188 2101 779 2174">
     <span class='ocr_line' id='line_1_22' title="bbox 188 2101 779 2174; baseline -0.003 -13"><span class='ocrx_word' id='word_1_147' title='bbox 188 2109 317 2171; x_wconf 69' lang='lat' dir='ltr'>servare,</span> <span class='ocrx_word' id='word_1_148' title='bbox 330 2101 445 2174; x_wconf 74' lang='lat' dir='ltr'>frustra</span> <span class='ocrx_word' id='word_1_149' title='bbox 458 2102 550 2162; x_wconf 83' lang='lat' dir='ltr'>clavis</span> <span class='ocrx_word' id='word_1_150' title='bbox 563 2101 643 2160; x_wconf 88' lang='lat' dir='ltr'>inest</span> <span class='ocrx_word' id='word_1_151' title='bbox 655 2101 779 2160; x_wconf 87' lang='lat' dir='ltr'>foribus.</span> 
     </span>
    </p>

    <p class='ocr_par' dir='ltr' id='par_1_12' title="bbox 97 2184 1064 2436">
     <span class='ocr_line' id='line_1_23' title="bbox 164 2184 1061 2262; baseline 0.002 -18"><span class='ocrx_word' id='word_1_152' title='bbox 164 2185 272 2247; x_wconf 84' lang='lat' dir='ltr'>Breuis</span> <span class='ocrx_word' id='word_1_153' title='bbox 292 2185 389 2246; x_wconf 85' lang='lat' dir='ltr'>fineiis</span> <span class='ocrx_word' id='word_1_154' title='bbox 403 2185 547 2261; x_wconf 83' lang='lat' dir='ltr'>producta</span> <span class='ocrx_word' id='word_1_155' title='bbox 559 2186 593 2244; x_wconf 89' lang='lat' dir='ltr'>in</span> <span class='ocrx_word' id='word_1_156' title='bbox 611 2185 781 2245; x_wconf 76' lang='lat' dir='ltr'>hexametro</span> <span class='ocrx_word' id='word_1_157' title='bbox 795 2184 827 2246; x_wconf 82' lang='lat' dir='ltr'><strong>ui</strong></span> <span class='ocrx_word' id='word_1_158' title='bbox 841 2203 978 2245; x_wconf 85' lang='lat' dir='ltr'>caesurae</span> <span class='ocrx_word' id='word_1_159' title='bbox 991 2205 1061 2262; x_wconf 89' lang='lat' dir='ltr'>pen·</span> 
     </span>
     <span class='ocr_line' id='line_1_24' title="bbox 97 2267 1064 2348; baseline -0.001 -18"><span class='ocrx_word' id='word_1_160' title='bbox 97 2270 288 2330; x_wconf 85' lang='lat' dir='ltr'>themimeris</span> <span class='ocrx_word' id='word_1_161' title='bbox 309 2267 382 2348; x_wconf 85' lang='lat' dir='ltr'>(non</span> <span class='ocrx_word' id='word_1_162' title='bbox 397 2267 496 2347; x_wconf 89' lang='lat' dir='ltr'>aliter)</span> <span class='ocrx_word' id='word_1_163' title='bbox 518 2269 597 2345; x_wconf 88' lang='lat' dir='ltr'><strong>apud</strong></span> <span class='ocrx_word' id='word_1_164' title='bbox 617 2269 771 2328; x_wconf 83' lang='lat' dir='ltr'><strong>Tibullum</strong></span> <span class='ocrx_word' id='word_1_165' title='bbox 790 2270 938 2346; x_wconf 74' lang='lat' dir='ltr'>reperitur</span> <span class='ocrx_word' id='word_1_166' title='bbox 959 2273 1064 2346; x_wconf 87' lang='lat' dir='ltr'>quater</span> 
     </span>
     <span class='ocr_line' id='line_1_25' title="bbox 100 2349 716 2436; baseline -0.002 -23"><span class='ocrx_word' id='word_1_167' title='bbox 100 2351 140 2436; x_wconf 87' lang='lat' dir='ltr'>[I,</span> <span class='ocrx_word' id='word_1_168' title='bbox 157 2355 189 2428; x_wconf 91' lang='lat'>4,</span> <span class='ocrx_word' id='word_1_169' title='bbox 206 2355 255 2413; x_wconf 82' lang='lat'>27.</span> <span class='ocrx_word' id='word_1_170' title='bbox 274 2349 716 2432; x_wconf 78' lang='lat' dir='ltr'>1c,13.11,2,5.1111,2,3]</span> 
     </span>
    </p>

    <p class='ocr_par' dir='ltr' id='par_1_13' title="bbox 163 2437 1063 2850">
     <span class='ocr_line' id='line_1_26' title="bbox 188 2437 820 2507; baseline 0 -11"><span class='ocrx_word' id='word_1_171' title='bbox 188 2441 219 2496; x_wconf 91' lang='lat' dir='ltr'>at</span> <span class='ocrx_word' id='word_1_172' title='bbox 233 2439 259 2498; x_wconf 92' lang='lat' dir='ltr'>si</span> <span class='ocrx_word' id='word_1_173' title='bbox 273 2437 377 2497; x_wconf 86' lang='lat' dir='ltr'>tardus</span> <span class='ocrx_word' id='word_1_174' title='bbox 392 2440 457 2507; x_wconf 81' lang='lat' dir='ltr'>eris,</span> <span class='ocrx_word' id='word_1_175' title='bbox 472 2437 586 2496; x_wconf 85' lang='lat' dir='ltr'>errabis</span> <span class='ocrx_word' id='word_1_176' title='bbox 599 2438 726 2497; x_wconf 88' lang='lat' dir='ltr'>transiet</span> <span class='ocrx_word' id='word_1_177' title='bbox 739 2439 820 2496; x_wconf 82' lang='lat' dir='ltr'>aetas</span> 
     </span>
     <span class='ocr_line' id='line_1_27' title="bbox 188 2519 980 2597; baseline 0.001 -16"><span class='ocrx_word' id='word_1_178' title='bbox 188 2540 268 2582; x_wconf 88' lang='lat' dir='ltr'>nunc</span> <span class='ocrx_word' id='word_1_179' title='bbox 283 2522 321 2580; x_wconf 89' lang='lat' dir='ltr'>ad</span> <span class='ocrx_word' id='word_1_180' title='bbox 335 2523 415 2582; x_wconf 85' lang='lat' dir='ltr'>helle</span> <span class='ocrx_word' id='word_1_181' title='bbox 429 2522 530 2582; x_wconf 83' lang='lat' dir='ltr'>trahor</span> <span class='ocrx_word' id='word_1_182' title='bbox 544 2523 576 2580; x_wconf 89' lang='lat' dir='ltr'>et</span> <span class='ocrx_word' id='word_1_183' title='bbox 587 2521 648 2580; x_wconf 88' lang='lat' dir='ltr'>iam</span> <span class='ocrx_word' id='word_1_184' title='bbox 660 2521 727 2597; x_wconf 89' lang='lat' dir='ltr'><strong>quis</strong></span> <span class='ocrx_word' id='word_1_185' title='bbox 742 2521 870 2580; x_wconf 83' lang='lat' dir='ltr'>forsitan</span> <span class='ocrx_word' id='word_1_186' title='bbox 885 2519 980 2582; x_wconf 82' lang='lat' dir='ltr'>hostis</span> 
     </span>
     <span class='ocr_line' id='line_1_28' title="bbox 188 2605 819 2682; baseline 0.003 -18"><span class='ocrx_word' id='word_1_187' title='bbox 188 2607 253 2682; x_wconf 90' lang='lat' dir='ltr'>ipse</span> <span class='ocrx_word' id='word_1_188' title='bbox 269 2623 338 2666; x_wconf 87' lang='lat' dir='ltr'>suos</span> <span class='ocrx_word' id='word_1_189' title='bbox 350 2608 455 2682; x_wconf 70' lang='lat' dir='ltr'>cenius</span> <span class='ocrx_word' id='word_1_190' title='bbox 469 2606 548 2666; x_wconf 89' lang='lat' dir='ltr'>adsit</span> <span class='ocrx_word' id='word_1_191' title='bbox 560 2605 678 2666; x_wconf 82' lang='lat' dir='ltr'><strong>visurus</strong></span> <span class='ocrx_word' id='word_1_192' title='bbox 692 2605 819 2666; x_wconf 87' lang='lat' dir='ltr'>honores</span> 
     </span>
     <span class='ocr_line' id='line_1_29' title="bbox 186 2688 905 2765; baseline 0 -17"><span class='ocrx_word' id='word_1_193' title='bbox 186 2689 242 2750; x_wconf 91' lang='lat' dir='ltr'>hoc</span> <span class='ocrx_word' id='word_1_194' title='bbox 257 2688 355 2750; x_wconf 89' lang='lat' dir='ltr'>Venus</span> <span class='ocrx_word' id='word_1_195' title='bbox 369 2693 511 2765; x_wconf 63' lang='lat' dir='ltr'>iocoseet:</span> <span class='ocrx_word' id='word_1_196' title='bbox 532 2692 564 2748; x_wconf 90' lang='lat' dir='ltr'>at</span> <span class='ocrx_word' id='word_1_197' title='bbox 578 2692 620 2763; x_wconf 87' lang='lat' dir='ltr'>tu,</span> <span class='ocrx_word' id='word_1_198' title='bbox 636 2689 777 2763; x_wconf 87' lang='lat' dir='ltr'>violente,</span> <span class='ocrx_word' id='word_1_199' title='bbox 793 2691 905 2750; x_wconf 83' lang='lat' dir='ltr'>caveto.</span> 
     </span>
     <span class='ocr_line' id='line_1_30' title="bbox 163 2772 1063 2850; baseline -0.001 -18"><span class='ocrx_word' id='word_1_200' title='bbox 163 2773 249 2832; x_wconf 86' lang='lat' dir='ltr'>Nihil</span> <span class='ocrx_word' id='word_1_201' title='bbox 263 2773 378 2834; x_wconf 67' lang='lat' dir='ltr'><strong>facium</strong></span> <span class='ocrx_word' id='word_1_202' title='bbox 391 2775 428 2833; x_wconf 83' lang='lat' dir='ltr'>ad</span> <span class='ocrx_word' id='word_1_203' title='bbox 441 2774 517 2834; x_wconf 87' lang='lat' dir='ltr'>hanc</span> <span class='ocrx_word' id='word_1_204' title='bbox 531 2773 734 2850; x_wconf 90' lang='lat' dir='ltr'>quaestionem</span> <span class='ocrx_word' id='word_1_205' title='bbox 748 2792 823 2849; x_wconf 92' lang='lat' dir='ltr'>quae</span> <span class='ocrx_word' id='word_1_206' title='bbox 838 2773 978 2832; x_wconf 89' lang='lat' dir='ltr'>mendose</span> <span class='ocrx_word' id='word_1_207' title='bbox 993 2772 1063 2832; x_wconf 89' lang='lat' dir='ltr'>scri·</span> 
     </span>
    </p>
   </div>
   <div class='ocr_carea' id='block_1_5' title="bbox 88 2856 1062 2940">
    <p class='ocr_par' dir='ltr' id='par_1_14' title="bbox 88 2856 1062 2940">
     <span class='ocr_line' id='line_1_31' title="bbox 88 2856 1062 2940; baseline -0.006 -20"><span class='ocrx_word' id='word_1_208' title='bbox 88 2859 150 2940; x_wconf 74' lang='lat' dir='ltr'>pn</span> <span class='ocrx_word' id='word_1_209' title='bbox 165 2857 316 2918; x_wconf 87' lang='lat' dir='ltr'>hahentur</span> <span class='ocrx_word' id='word_1_210' title='bbox 329 2857 420 2937; x_wconf 77' lang='lat' dir='ltr'><strong>vulgo</strong></span> <span class='ocrx_word' id='word_1_211' title='bbox 435 2857 459 2934; x_wconf 94' lang='lat' dir='ltr'>I,</span> <span class='ocrx_word' id='word_1_212' title='bbox 476 2859 506 2934; x_wconf 87' lang='lat'>4,</span> <span class='ocrx_word' id='word_1_213' title='bbox 518 2859 569 2916; x_wconf 87' lang='lat'>44.</span> <span class='ocrx_word' id='word_1_214' title='bbox 586 2859 615 2932; x_wconf 78' lang='lat'>7,</span> <span class='ocrx_word' id='word_1_215' title='bbox 628 2858 678 2916; x_wconf 85' lang='grc'>61.</span> <span class='ocrx_word' id='word_1_216' title='bbox 693 2857 734 2934; x_wconf 92' lang='grc' dir='ltr'>Π,</span> <span class='ocrx_word' id='word_1_217' title='bbox 752 2859 780 2934; x_wconf 90' lang='grc'>1,</span> <span class='ocrx_word' id='word_1_218' title='bbox 796 2859 846 2918; x_wconf 83' lang='grc'>58.</span> <span class='ocrx_word' id='word_1_219' title='bbox 863 2859 893 2933; x_wconf 92' lang='grc'>3,</span> <span class='ocrx_word' id='word_1_220' title='bbox 910 2857 959 2917; x_wconf 90' lang='grc'>14.</span> <span class='ocrx_word' id='word_1_221' title='bbox 971 2857 1001 2932; x_wconf 88' lang='grc'>4,</span> <span class='ocrx_word' id='word_1_222' title='bbox 1012 2856 1062 2917; x_wconf 85' lang='grc'>38.</span> 
     </span>
    </p>
   </div>
   <div class='ocr_carea' id='block_1_6' title="bbox 471 3209 697 3222">
    <p class='ocr_par' dir='ltr' id='par_1_15' title="bbox 471 3209 697 3222">
     <span class='ocr_line' id='line_1_32' title="bbox 471 3209 697 3222; baseline -0.018 0"><span class='ocrx_word' id='word_1_223' title='bbox 471 3209 697 3222; x_wconf 66' lang='lat' dir='ltr'>-n—-a-n-</span> 
     </span>
    </p>
   </div>
   <div class='ocr_carea' id='block_1_7' title="bbox 0 0 1338 4138">
    <p class='ocr_par' dir='ltr' id='par_1_16' title="bbox 0 0 1338 4138">
     <span class='ocr_line' id='line_1_33' title="bbox 0 0 1338 4138; baseline 0 0"><span class='ocrx_word' id='word_1_224' title='bbox 0 0 1338 4138; x_wconf 95' lang='lat' dir='ltr'> </span> 
     </span>
    </p>
   </div>
  </div>
 </body>
</html>
