2666 4138
251 217 286 301 Ι4
345 175 347 179 ’
677 221 820 277 unuin
1181 225 1230 298 [n

326 385 440 450 Illa
409 407 478 450 ιιιο
501 406 608 450 coram
628 387 725 448 nutus
748 383 892 448 conferre
913 385 1060 468 loquaces

370 469 557 553 Blandaque
579 468 754 553 conpositis
777 468 892 533 abdere
912 469 1010 533 verba
1030 469 1126 533 notis

327 552 397 619 Neo
412 554 506 619 docet
525 553 586 618 hoc
602 573 728 635 omnes,
749 552 804 616 sed
824 573 903 638 quos
918 573 977 618 nec
992 553 1108 618 inertie
1122 553 1231 618 tardat

300 667 302 672 ·
369 637 438 702 Nec
461 640 549 702 vetat
571 637 705 701 obscura
727 657 857 721 surgere
878 639 972 701 nocte
994 638 1098 702 timor.

326 720 379 786 En
401 742 483 806 ego
484 742 556 785 oum
577 721 717 785 tenebris
739 723 809 784 tota
829 741 929 804 vagor
950 721 1063 785 anxius
1084 721 1177 804 urbe,

369 971 525 1038 Vulneret
546 977 601 1038 aut
620 975 692 1057 rapt
693 995 712 1036 a
731 972 872 1056 praemia
892 975 980 1036 ueste
1001 975 1099 1056 petat.

327 1057 477 1141 Quisquis
499 1078 605 1121 amore
626 1059 767 1139 ιιιιιιιιι,
790 1057 843 1120 ιιι
863 1057 1012 1152 tutisque
1034 1075 1186 1139 sacerque

370 1141 534 1217 Qualibet:
505 1140 690 1238 toinsidias
711 1105 779 1204 noir
800 1139 944 1204 timuisse
966 1139 1064 1205 decet.

326 1224 403 1290 Non
424 1225 504 1288 mihi
524 1225 617 1309 pigra
637 1227 755 1289 nocent
775 1223 928 1288 hibernae
949 1223 1072 1308 frigora
1092 1225 1215 1308 noctis,

279 1321 313 1370 ιο
369 1309 446 1374 Non
466 1307 560 1391 mihi,
584 1330 656 1373 cum
677 1307 777 1372 multa
798 1307 917 1372 decidit
936 1306 1039 1372 imber
1060 1328 1149 1391 aque.

328 1391 405 1458 Non
427 1392 517 1456 labor
538 1357 591 1456 liic
612 1391 724 1475 laedit,
696 1395 867 1456 treseret
887 1391 983 1456 modo
1004 1389 1097 1455 Delia
1118 1394 1230 1476 postes

370 1474 415 1540 Et
435 1478 528 1539 ιοιιι
550 1476 590 1539 ad
612 1476 721 1561 digiti
727 1498 778 1540 me
799 1476 959 1540 taciturna
980 1496 1102 1540 sonum

327 1558 452 1624 Parcite
420 1559 662 1642 tluminibus,
686 1581 742 1624 seu
763 1560 812 1624 ιιι
834 1581 889 1626 seu
909 1560 1030 1624 femina
1051 1561 1114 1623 fiat.

372 1641 490 1708 Obvia:
514 1644 610 1708 celari
631 1645 700 1707 ιοιι
709 1665 778 1716 sua
798 1645 884 1708 furta
904 1643 1023 1709 Venus

280 1738 313 1789 35
328 1725 401 1792 Neu
416 1727 585 1810 strepiut
570 1730 684 1792 ιιιιιιι
698 1706 829 1811 pedum,
851 1749 915 1792 neu
934 1729 1074 1812 quaerite
1093 1748 1230 1811 nomen,

372 1810 445 1876 Neu
465 1833 565 1896 prope
586 1811 725 1898 fulgenti
746 1777 867 1876 lumina
887 1812 968 1876 ferte
990 1813 1069 1876 face.

327 1894 433 2045 Sissuis
456 1899 488 1960 et
508 1897 682 1980 inprudens
704 1897 875 1979 aspexerit,
899 1896 1024 1960 occulat
1044 1897 1100 1960 ille

256 2060 258 2066 ·
327 1981 729 2149 ιιιιῗιιιιιιιιιιιιιιί
743 1981 1229 2162 ιὲιιιῗιῖῗιιέιιιῗιιιιι,

278 2158 350 2208 40
368 2146 401 2208 Is
423 2145 580 2211 Venerem
602 2170 619 2211 e
640 2148 751 2213 rabido
774 2149 891 2212 sentiet
913 2169 980 2213 esse
1002 2149 1091 2212 mari

327 2227 422 2294 Neot
408 2232 517 2294 tamen
532 2230 606 2294 hmo
617 2233 724 2296 credet
735 2252 874 2296 conrunx
887 2235 976 2314 tuus,
991 2235 1027 2296 ut
1012 2231 1231 2296 tmihiverax

371 2312 551 2378 Pollicitast
571 2317 694 2400 magico
718 2337 795 2401 saga
815 2281 1002 2381 ministerio.

327 2395 422 2462 Hanc
445 2419 510 2496 ego
527 2399 565 2463 de
588 2401 675 2464 caelo
698 2399 870 2498 ducentem·
886 2400 990 2464 sidera
1009 2399 1087 2482 vidi,

371 2481 528 2548 Fluminis
549 2482 628 2548 haec
649 2483 752 2575 rapidi
774 2485 913 2548 carmine
935 2485 1031 2548 vertit
1051 2485 1125 2566 iter,

280 2577 313 2626 45
327 2563 417 2628 Haec
439 2569 535 2630 centu
556 2566 719 2650 finditque
732 2568 835 2634 solum
856 2568 1030 2652 Manesque
1052 2569 1209 2651 sepulcris

369 2647 522 2713 Ειιιιιιι
507 2651 650 2733 ttepido
673 2651 806 2718 devocat
826 2674 899 2717 ossa
920 2673 1017 2738 rogo:

328 2731 398 2796 Iam
418 2735 507 2798 tenet
528 2733 724 2798 infernasm
779 2757 817 2800 ιο
840 2737 975 2801 stridore
997 2738 1153 2818 catervas,

368 2815 438 2880 Iam
459 2817 547 2882 iubet
569 2817 733 2918 adspersas
768 2823 836 2886 acte
857 2821 978 2886 referre
996 2819 1118 2966 pedem.

328 2898 410 2966 (lum
430 2899 510 2966 libet
514 2900 624 2985 ,haec
644 2903 730 3000 tristi
752 2903 883 2988 depellit
868 2843 1017 2969 tnubila
1038 2901 1140 2968 caelo·

278 2997 312 3047 ιι
369 2982 451 3050 (lum
472 2950 566 3070 libbt,
537 2988 658 3050 ttaes
658 2987 709 3051 ivo
733 2991 887 3053 convocat
872 2975 984 3052 torbe
1005 2989 1104 3052 niues.

329 3066 403 3134 Sola
423 3072 531 3134 tenere
553 3035 653 3134 malas
674 3071 804 3136 Medeae
827 3071 942 3136 dicitur
962 3071 1092 3154 herbas,

371 3153 447 3218 Sola
466 3154 552 3220 feros
567 3153 671 3219 Heoat
656 3157 707 3220 tae
728 3156 946 3239 perdomuisse
968 3175 1071 3220 canes.

328 3236 418 3304 Haeo
439 3239 520 3302 mihi
542 3240 711 3324 conposuit
732 3243 805 3306 cant
807 3261 859 3324 us,
883 3241 952 3324 quis
966 3239 1077 3304 fallere
1098 3261 1234 3324 posses:

370 3319 432 3384 Ter
454 3342 547 3408 cane,
570 3327 619 3388 ιιι
640 3324 733 3390 dictis
756 3323 874 3408 despue
896 3323 1098 3421 carminibus.

280 3415 312 3466 oo
327 3403 386 3468 Ille
406 3403 567 3471 nihilt
509 3410 567 3490 pot
568 3409 628 3472 erit
613 3407 688 3472 tde
709 3409 802 3472 nobis
825 3407 951 3475 credere
974 3409 1137 3491 cuiquam,

369 3487 446 3554 Non
468 3489 592 3574 sibi,
567 3512 594 3554 ιι
615 3491 650 3554 in
670 3493 761 3556 molli
782 3491 985 3578 videritipse
1007 3495 1088 3558 toro.

279 901 310 952 ιι
325 888 395 954 Neo
417 889 494 953 sinit
515 891 674 955 occurrat
682 887 865 984 quisquam,
887 889 943 972 qui
964 907 1097 972 corpora
1117 888 1204 954 ferro
