2666 4138
115 235 177 309 vr]
439 267 441 272 -
507 232 695 290 urrunnu.

117 399 165 462 At
185 415 272 461 nunc
294 397 363 459 tota
383 389 484 478 tuest,
505 397 538 460 te
560 396 664 460 solum
686 395 819 460 eandida
842 418 948 461 seeum
998 429 1008 446 ·

162 480 309 565 Cogitat,
332 483 365 543 et
385 479 504 544 frustra
526 479 653 543 credula
673 480 768 544 turba
790 481 900 545 sedet:

105 565 264 648 Phoebe,
286 563 373 627 fave:
396 564 464 626 laus
486 585 604 660 magna
625 564 685 628 tibi
705 565 862 630 tribuetur
883 565 917 628 in
943 585 1006 628 uno

164 648 306 733 Corpore
329 651 453 711 servato
475 647 652 712 restituisse
674 647 762 713 duos,
1052 661 1086 710 20

118 735 189 799 Iam
212 732 351 814 celeber,
374 731 438 796 iem
460 731 562 796 laetus
584 732 661 815 eris,
685 753 757 798 enm
779 731 886 798 debita
906 732 1017 797 reddet

164 816 320 882 Certatim
343 817 462 881 sanetis
484 816 585 880 laetus
608 818 739 900 uterque
761 817 851 882 focis,

1 896 5 910 ’
120 901 212 968 Tune
233 907 266 964 te
288 900 415 964 felicem
434 899 523 964 dicet
543 900 597 984 pie
618 901 712 965 turba
733 901 879 984 deorum,
1053 909 1087 964 25
1127 891 1133 898 ¹

165 985 332 1069 Optabunt
352 987 436 1048 arten
459 986 492 1049 et
513 985 575 1048 eibi
598 985 730 1068 quisque
751 988 833 1049 tuas.

122 1322 185 1397 Qui
199 1320 279 1385 mihi
293 1323 326 1385 te
331 1369 340 1404 ,
357 1319 525 1404 Cerintho,
541 1320 608 1384 dies
624 1321 712 1386 dedit
741 1320 795 1386 hie
808 1319 889 1385 mihi
904 1323 1031 1386 sanetus

164 1407 272 1488 Atque
294 1405 380 1470 inter
402 1404 502 1470 festos
526 1425 650 1489 semper
671 1370 835 1470 hatendus
857 1406 925 1470 erit.

121 1490 168 1554 Te
190 1492 343 1554 nascente
364 1509 483 1552 novum
504 1487 622 1553 Pareae
644 1490 786 1554 eeeinere
807 1490 921 1574 puellis

166 1573 337 1638 Servitium
359 1577 391 1638 et
412 1572 569 1638 dederunt
590 1595 690 1658 regna
712 1575 847 1658 superbe
868 1574 938 1638 tibi.

125 1658 207 1722 Vror
222 1679 239 1722 e
264 1679 283 1722 ο
299 1660 373 1722 ante
387 1657 481 1722 aliae:
497 1658 584 1722 iuvet
598 1657 669 1740 hoe,
686 1657 846 1740 Cerinthe²
862 1658 947 1742 quod
962 1679 1046 1742 uror,
1071 1670 1088 1720 ⁶

167 1741 201 1807 Si
221 1679 282 1806 nli
304 1741 343 1806 de
367 1740 461 1806 nobis
483 1745 613 1805 mutuus
634 1743 646 1804 i
696 1741 720 1805 's
743 1741 842 1804 adest.

125 1826 255 1890 Mutuus
277 1826 361 1890 adsit
381 1845 487 1908 emor,
509 1847 566 1909 per
587 1829 619 1890 te
662 1825 825 1890 ulcissima
846 1825 932 1888 furta

166 1909 290 1993 Perque
311 1913 384 1973 tuos
406 1909 516 1974 oeulos
537 1931 595 1992 per
617 1907 816 1992 Geniumque
837 1929 927 2056 rope.
1121 1989 1126 1998 ¹

125 1995 243 2078 Magne
267 1993 363 2076 Geni,
386 2014 463 2078 cepe
485 1996 558 2056 iure
578 1993 681 2058 libens
703 1994 848 2077 votisque
884 1994 993 2075 aveto,

169 2077 203 2143 si
224 2078 337 2161 modo,
361 2099 434 2141 eum
456 2077 494 2141 de
515 2099 567 2142 me
590 2077 724 2162 cogitet,
747 2077 802 2141 ille
824 2077 914 2142 ealet.
1059 2090 1090 2139 ιο

122 2161 219 2240 Quod
240 2163 268 2226 si
289 2162 373 2226 forte
395 2163 474 2226 alios
496 2161 560 2226 iam
580 2183 667 2226 nune
689 2161 827 2244 nupiret
849 2183 986 2244 emmer,

169 2246 258 2312 'ltine
278 2267 392 2330 precor
413 2245 545 2329 infidos,
570 2249 693 2328 sancte,
714 2245 859 2330 relinque
879 2245 979 2310 focos.

125 2332 157 2398 N
159 2353 195 2396 ee
216 2335 253 2395 tu
274 2331 317 2396 eie
339 2331 473 2413 iniusta,
495 2329 619 2394 Venus:
641 2331 693 2394 vel
715 2330 832 2394 serviet
853 2351 950 2412 aeque

169 2414 305 2480 Vinctus
327 2417 459 2498 uterque
480 2414 555 2497 tibi,
578 2415 629 2478 vel
650 2435 722 2478 mea
742 2413 849 2477 vinela
870 2413 949 2478 leva.

123 2499 190 2567 Sed
212 2499 318 2583 potius
340 2499 445 2563 valida
465 2501 630 2562 teneamur
650 2501 782 2582 uterque
805 2499 930 2581 eatena,
1060 2509 1091 2560 15

170 2583 268 2648 Nulla
289 2586 384 2667 queat
404 2582 540 2666 posthae
562 2604 622 2647 nos
645 2582 779 2647 soluisse
801 2581 877 2646 dies.

123 2669 229 2754 Optat
250 2667 334 2732 idem
356 2668 478 2732 invenis
501 2667 587 2752 quod
607 2689 683 2751 nos,
706 2666 761 2732 sed
782 2666 896 2731 tectius
920 2668 1024 2750 optat:

170 2751 255 2817 Nam
299 2751 376 2816 udet
396 2751 474 2816 haee
495 2752 586 2816 illum
609 2749 713 2816 dicere
735 2751 831 2816 verbu
852 2751 968 2835 pelam.
996 2817 1000 2825 ,

126 2841 175 2902 At
195 2840 245 2919 tu,
301 2837 407 2918 atnlis,
431 2836 582 2920 quoniam
604 2835 680 2900 deus
703 2836 811 2900 omnia
832 2835 946 2919 sentis,

171 2920 303 2984 Adnue:
326 2919 402 3003 quid
423 2919 535 3003 refert,
559 2919 683 2984 clamne
705 2920 852 3003 palamne
873 2919 987 3004 roget?
1060 2930 1094 2979 20

538 3049 689 3061 *4-

579 3134 638 3209 VI.

126 3257 375 3340 Natalis'luno,
399 3261 527 3324 sanctos
550 3280 626 3342 cape
647 3258 728 3320 turis
750 3276 893 3338 acervos,

172 3341 260 3416 Quos
282 3341 343 3406 tibi
365 3342 420 3406 dat
440 3346 551 3408 tenera
572 3341 667 3406 docta
688 3340 794 3424 puella
814 3341 920 3406 manu.

124 3427 212 3493 Lote
234 3426 326 3489 tibist
347 3425 457 3510 hodie,
479 3426 540 3491 tibi
562 3446 596 3490 se
618 3425 793 3489 laetissima
814 3425 966 3509 compsit,

169 3508 280 3576 Staret
301 3513 338 3573 ut
359 3515 433 3575 ante
454 3515 528 3576 tuos
551 3509 774 3603 conspicienda
796 3510 895 3576 focos.
