2666 4138
233 241 272 306 12
638 243 781 302 1155551
1146 245 1196 316 [u.

294 407 394 492 Saepe
416 430 434 473 e
457 429 476 472 o
498 408 652 492 temptavi
673 428 764 472 cures
786 405 942 490 depellere
962 406 1054 470 vino:

335 494 381 556 At
403 429 493 557 dolor
514 493 549 557 in
570 493 717 558 lacrimas
738 493 876 555 verteret
896 510 990 554 omne
1012 511 1143 554 merum.

294 576 394 662 Saepe
416 576 511 641 5115111
532 576 634 640 tenui:
665 575 720 639 sed
741 575 805 638 1551
827 595 899 638 cum
919 573 1036 721 qpudie
1057 574 1197 656 adirem,

243 673 277 724 40
333 659 512 726 Admonuit
531 659 679 724 dominae
701 657 900 740 deseruitque
954 679 1041 722 enus.

293 743 383 808 Tunc
403 765 455 808 me
477 743 641 808 discedens
663 741 812 806 devotum
832 741 953 805 femine
974 741 1056 804 dixit

335 827 379 913 (A
400 825 512 913 pudet)
535 830 567 891 et
588 829 699 891 1151155
720 826 801 890 55115
822 825 962 890 nefande
983 847 1095 890 meam.

291 910 369 978 Non
390 909 550 976 fecithoc
571 911 693 994 verbis,
717 910 799 974 fecie
819 909 999 992 tenerisque
1021 909 1151 972 lacertis

334 993 479 1059 Devovet
500 997 533 1059 55
552 994 644 1059 flavis
665 996 775 1058 1155515
795 993 904 1077 puella
924 993 1033 1057 comis.

243 1079 379 1143 4515115
401 1078 442 1142 ed
463 1077 677 1144 Haemonium
697 1077 812 1142 Nereis
833 1077 929 1141 Pelea
950 1075 1110 1159 quondam

333 1162 468 1228 Vectest
487 1163 612 1227 frenato
635 1162 761 1226 5551515
780 1161 868 1244 pisce
889 1159 1009 1224 Thetis.

292 1246 381 1311 Haec
395 1267 532 1311 nocuere
546 1245 640 1329 mihi,
657 1245 741 1328 quod
755 1245 845 1310 adest
857 1243 932 1308 huic
947 1243 1034 1308 dives
1052 1245 1197 1310 55155511

335 1328 434 1394 Venit
453 1329 490 1393 in
511 1330 642 1394 exitium
664 1329 780 1394 callide
801 1329 874 1393 lenc
894 1348 1009 1393 meum.

295 1413 494 1498 Sangarinees
515 1413 589 1477 edat
609 1413 665 1477 1115
686 1413 783 1496 depes
805 1415 899 1496 atque
922 1433 976 1476 ore
998 1414 1128 1477 cruento

244 1509 278 1560 5ο
334 1497 452 1560 'histis
474 1517 546 1562 5551
566 1497 668 1562 multo
690 1498 806 1580 pocula
826 1497 901 1562 felle
922 1497 1026 1560 bibet:

294 1579 388 1645 Hanc
409 1581 545 1645 volitent
566 1581 691 1645 55111155
713 1581 832 1646 circum
860 1601 916 1644 sua
936 1580 1004 1644 1555
1025 1582 1196 1663 querentes

336 1663 468 1748 Semper
488 1667 521 1730 et
542 1686 559 1729 5
580 1665 673 1730 555515
695 1665 774 1728 strix
795 1665 935 1728 violente
959 1667 1066 1728 cenet:
1242 1717 1256 1732 .

293 1748 369 1834 Ipso
389 1749 474 1813 15515
496 1749 679 1814 stimulante
700 1749 810 1816 furens
831 1747 1007 1832 herbasque
1030 1747 1187 1830 sepulcris

337 1833 475 1909 Quaeret
496 1836 528 1897 et
549 1855 569 1896 5
590 1833 692 1898 555115
714 1854 788 1898 5555
808 1832 920 1896 relicta
940 1832 1041 1916 lupis,

244 1929 277 1980 55
293 1914 408 1982 Currat
429 1919 462 1982 et
482 1917 668 2002 inguinibus
689 1915 784 1982 nudis
805 1916 967 2000 ululetque
988 1937 1046 2000 per
1066 1915 1182 1998 urbes,

335 2001 417 2065 Post
437 2005 513 2085 agat
534 2023 551 2066 e
573 2002 675 2066 triviis
697 2021 808 2085 aspere
828 1999 922 2064 turbe
943 2021 1065 2064 cenum.

293 2084 466 2149 Evenient:
489 2085 545 2148 det
566 2085 659 2169 signa
680 2085 774 2150 deus:
796 2087 871 2148 sunt
891 2084 1024 2148 numina
1044 2083 1185 2167 amanti,

339 2166 447 2232 Saevit
468 2171 500 2230 55
521 2168 640 2232 iniuste
660 2169 732 2254 lege
752 2169 864 2232 relicte
885 2167 1003 2233 Venus.

294 2251 340 2314 At
359 2253 396 2314 tu
418 2271 513 2334 quem
534 2251 673 2334 primum
695 2273 790 2337 segne
811 2254 981 2336 praecepte
1002 2251 1124 2334 rapacis

245 2347 279 2396 50
334 2331 469 2400 Desere:
490 2357 565 2400 nem
588 2335 680 2400 donis
701 2336 840 2400 vincitur
861 2336 965 2400 omnis
987 2357 1084 2399 emor.

294 2417 419 2500 Pnuper
440 2419 501 2482 erit
520 2423 648 2503 praesto
671 2441 737 2484 sem
761 2441 795 2484 er
815 2421 889 2502 tibi,
912 2441 1032 2503 pauper
1053 2419 1156 2482 adibit

336 2501 463 2566 Primus
485 2506 518 2566 et
538 2504 704 2568 111-5511515
792 2525 807 2568 s
829 2505 890 2568 erit
910 2503 1024 2587 latere,

180 2656 185 2668 ,
293 2583 419 2667 Pauper
440 2585 475 2648 in
496 2591 632 2671 angusto
654 2587 735 2650 fidus
758 2609 864 2652 comes
887 2587 1014 2672 agmine
1035 2585 1147 2651 turbae

340 2667 543 2752 Subicietque
564 2692 677 2735 manus
700 2671 877 2755 efficietque
898 2673 998 2755 viem,

247 2763 279 2814 65
294 2751 363 2816 Ρ55
386 2773 420 2815 51
442 2751 483 2816 ed
504 2755 646 2818 occultos
667 2754 780 2820 furtim
802 2755 936 2821 deducet
957 2756 1075 2820 5151555

264 2907 268 2923 ¹
368 2835 516 2919 inolcque
537 2837 576 2902 de
596 2839 690 2904 niveo
713 2839 858 2904 1155151155
878 2841 947 2924 ipse
968 2841 1058 2924 pede.

261 2929 267 3023 ξ
294 2917 367 2983 Heu
388 2920 531 2985 canimus
551 2921 683 3006 frustra,
705 2924 891 2989 neo‘verbis
913 2925 998 2989 victe
1018 2925 1158 3008 patescit

261 3029 267 3086 ,j
336 3001 450 3088 151155,
473 3004 529 3070 sed
551 3006 680 3089 plenest
699 3007 904 3090 percutiende
924 3031 1031 3072 1115115.

184 3081 210 3198 ll
294 3088 341 3152 At
361 3090 413 3172 tu,
435 3089 490 3172 qui
510 3090 617 3173 potior
638 3113 724 3156 nunc
746 3113 797 3173 es,
819 3113 891 3156 mea
911 3092 979 3156 feta
999 3093 1129 3160 timeto:

184 3191 207 3322 pp
246 3170 1026 3324 55Νὲ151ΐ5551ἒ155151ἐΡ515155155155115555.
1135 3264 1198 3330 tat

406 3277 459 3320 rus
475 3279 511 3321 15
553 3280 586 3322 51
609 3280 660 3322 5111
677 3279 745 3327 rem
766 3281 852 3323 nunc
873 3281 908 3323 m
953 3281 1038 3324 mine
1083 3281 1135 3324 ers

338 3336 472 3403 Sedulus
495 3279 658 3406 etqcrebro
702 3343 835 3426 rospicit
857 3364 894 3408 ec
915 3283 1081 3428 refugit,p

294 3417 341 3484 115
361 3419 490 3486 51155155
509 3425 644 3490 transire
688 3447 810 3509 omum,
831 3448 907 3492 mox
927 3427 1039 3492 deinde
1059 3433 1211 3500 recurrit

338 3500 431 3568 Solus
454 3507 486 3569 55
508 3510 581 3572 ente
602 3509 689 3593 ipsus
711 3513 835 3574 51151555
856 3531 955 3596 usque
976 3511 1071 3576 fores.
