2628 4116
84 207 152 278 nn]

507 209 622 266 LIBER.
1009 205 1051 272 25

214 368 269 445 Vt,
279 371 386 434 tecum
408 369 567 454 loquerer,
590 371 746 456 simulque
767 374 803 436 ut
824 392 936 438 essem.

212 456 261 518 At
281 454 406 519 defessa
426 454 535 519 labora
556 455 698 520 membra
718 459 887 540 postquam

213 537 428 602 Semimortna
448 537 566 602 leetulo
588 538 747 624 iacebant,
1018 552 1051 602 15

212 619 300 705 Hoe,
322 621 483 705 iocunds,·
496 623 558 687 tibi
577 644 693 708 poema
713 623 790 707 feei,

212 703 264 769 Ex
285 725 348 790 quo
393 707 566 790 erspieeres
587 729 693 772 meum
714 707 865 774 dolorem.

211 787 309 854 Nune
329 811 349 853 a
392 811 432 853 ax
453 811 529 854 eave
551 789 609 874 sis‘,
632 811 803 876 precesque
823 793 965 878 noaldus,

215 871 366 956 Oramus,
391 894 465 938 eave
487 873 636 958 despuas,
660 875 774 960 aselle,

212 954 264 1020 Ne
284 977 405 1039 poenas
426 955 573 1022 Nemesis
593 963 742 1043 reposcat
762 981 781 1023 a
801 962 843 1024 te.
1016 971 1050 1022 20

212 1037 276 1104 nse
295 1061 424 1104 vemens
446 1040 519 1108 dee:
542 1041 666 1107 laedere
687 1042 770 1108 hene
792 1045 911 1108 caveto.

494 1172 647 1184 κ*

535 1256 593 1330 LI.

212 1366 273 1432 Ille
294 1369 339 1432 mi
359 1389 419 1452 par
440 1390 509 1434 esse
531 1369 590 1435 deo
613 1369 752 1454 videtur,

213 1450 289 1534 Ille,
313 1451 341 1516 si
360 1453 411 1516 fas
433 1456 495 1538 est,
519 1475 666 1537 superare
689 1454 794 1539 divos,

213 1535 276 1612 Qui
299 1535 410 1600 sedens
433 1536 582 1602 adversus
604 1538 776 1604 identidem
798 1543 830 1604 te

311 1619 440 1704 Spectet
462 1624 495 1684 et
516 1621 603 1686 audit

212 1701 316 1768 Dulce
336 1705 509 1789 ridentem,
531 1707 646 1770 misero
669 1707 754 1791 qued
775 1707 880 1773 omnis
1032 1719 1049 1769 t

212 1787 271 1852 nri
294 1788 321 1851 it
342 1807 452 1854 sensus
474 1789 569 1854 mihi:
591 1812 666 1854 nam
687 1791 783 1856 simul
802 1795 850 1874 te,

212 1810 344 1954 Laeliis,
367 1873 492 1958 aspexi,
513 1873 595 1938 nihil
617 1877 666 1938 est
687 1896 781 1958 super
802 1875 847 1938 mi

212 2039 339 2126 Lingua
360 2040 415 2105 aed
436 2044 560 2126 torpet,
582 2042 687 2106 tenuis
710 2041 876 2122 eubertus

212 2123 359 2188 Flamma
380 2125 541 2208 demensio,
565 2126 672 2190 sonitu
694 2129 807 2210 suopte
1018 2140 1050 2190 10

213 2207 384 2272 Tintinant
404 2230 494 2274 eures
515 2210 674 2295 geminae,
695 2212 848 2296 teguntur

310 2291 447 2356 Lumina
467 2297 570 2358 noete.

494 2423 646 2435 -ιι--ι-ι--ι

527 2497 621 2574 Hs

105 2628 109 2648 ¹
215 2611 340 2697 Otium,
363 2611 503 2700 Catulle,
524 2615 585 2678 tibi
605 2615 820 2680 molestumstt

3 2671 5 2676 ¹
38 2774 90 2801 J
216 2695 292 2760 Otio
314 2697 436 2762 exultas
457 2691 654 2783 nimiumque
675 2699 784 2784 gestis.

215 2779 326 2845 Otium
348 2783 380 2846 et
399 2803 491 2868 reges
512 2783 600 2866 prius
623 2785 655 2847 et
676 2784 783 2848 beatas
1019 2793 1049 2844 15

312 2863 455 2930 Perdidit
475 2867 578 2931 urbes

495 2997 646 3008 -ι--ι--ι

531 3073 607 3146 LII.

214 3183 301 3260 Quid
322 3189 385 3269 est,
409 3185 554 3252 Catulle?
578 3187 653 3272 quid
674 3187 807 3251 moraris
830 3186 950 3250 emori?

215 3267 303 3333 Sella
323 3269 358 3332 in
379 3271 478 3335 eunuli
501 3275 621 3335 struma
641 3270 767 3335 Nonius
789 3269 891 3354 sedet,

213 3349 278 3416 Per
300 3355 498 3424 consulatum
519 3355 641 3437 peierat
661 3351 827 3418 Vatinius:

214 3434 301 3511 Quid
323 3441 385 3520 est,
408 3436 555 3504 Catulle?
578 3435 653 3520 quid
674 3437 808 3502 moraris
831 3441 951 3504 emori?
1076 3457 1078 3460 ·

493 3567 645 3578 ...ῃ-
