2630 4110
253 330 330 392 ante
351 330 389 392 ut
416 329 586 411 appareret
613 327 707 392 nobis
730 327 842 392 affinia
863 328 991 412 quidem
1012 328 1043 393 ei
1070 327 1217 392 bonitate

253 448 321 491 essc
348 427 520 494 editionem
541 427 736 512 Regiensem
757 451 796 493 ac
816 429 933 493 librum
954 429 1079 513 Paccii,
1105 433 1215 494 tamen

251 531 289 594 ut
311 529 389 593 satis
410 528 509 614 longo
524 549 563 594 ea
585 533 714 613 superet
734 531 804 614 ipse
825 531 1006 596 intervallo.

317 627 465 695 Ceterum
486 631 523 696 in
550 633 644 695 tantu
666 630 923 694 membranarum
944 634 1088 696 veterum
1108 630 1216 714 pauci·

252 733 319 795 tate
341 731 442 796 multo
463 731 557 815 plura
578 731 720 796 subsidia
735 736 828 796 eraut
848 732 1022 814 repetenda
1037 731 1219 796 obrutione

254 834 287 896 ct
307 831 440 916 iudicio,
469 853 550 919 quae
573 832 700 916 quidem
721 832 772 896 vel
794 833 953 897 sexcentis
975 833 1136 897 codicibus
1157 833 1218 896 eis·

253 954 315 1017 que
343 933 574 1017 antiquissimis
603 932 765 1016 praeferre
792 954 966 1018 numquam
993 933 1218 997 dubitavimus.

253 1069 295 1082 -—
317 1032 379 1099 Sed
401 1035 487 1100 enim
510 1035 613 1099 critici
635 1034 776 1099 muneris
803 1037 912 1117 partes
934 1035 1090 1118 quomodo
1117 1034 1216 1098 tutati

253 1136 367 1219 simus,
399 1157 467 1201 non
494 1137 557 1200 erit
588 1139 733 1202 nostrum
761 1135 935 1199 diiudicare
963 1135 1019 1200 sed
1051 1136 1217 1199 lectorum

253 1235 336 1300 Illud
366 1239 572 1300 tamencum
599 1235 716 1300 fiducia
738 1235 913 1299 adserimus
935 1235 1025 1299 nulla
1050 1257 1109 1299 nos
1136 1252 1218 1318 quae

253 1336 414 1420 plerisque
443 1335 536 1426 offuit
564 1335 677 1400 horum
707 1336 884 1400 carminum
906 1336 1081 1400 editoribus
1108 1357 1217 1419 super·

254 1437 384 1501 stitione
413 1440 522 1520 captos
554 1458 658 1520 nequc
688 1436 738 1500 ira
766 1439 822 1500 aut
849 1437 953 1500 studio
980 1439 1150 1521 occupatos
1181 1437 1218 1500 in

256 1538 481 1612 constituenda
503 1538 641 1602 lectione
662 1536 863 1602 Lachmanni
885 1559 995 1602 sensus
1010 1537 1114 1621 magis
1128 1538 1218 1620 sequi

255 1660 352 1722 quam
366 1639 473 1704 verba.
518 1638 665 1722 Denique
686 1659 851 1703 monemus
873 1639 966 1703 editis
993 1638 1057 1702 isin
1078 1637 1218 1703 Phaedri

254 1739 445 1824 Horatiique
461 1743 494 1821 et
516 1739 707 1804 eroticorum
728 1739 819 1803 libris
837 1743 925 1822 (uam
946 1739 1062 1806 Lucilii
1076 1740 1130 1822 qui
1145 1759 1216 1822 pro-

253 1843 339 1906 ximo
369 1863 455 1906 anno
483 1841 624 1924 prodibit
651 1840 795 1905 diversae
822 1841 930 1924 paullo
957 1843 1033 1904 sunt
1058 1841 1215 1923 rationes)

254 1943 346 2026 quasi
375 1941 538 2024 specimen
566 1941 677 2006 haberi
698 1942 803 2024 operis
826 1942 908 2026 eius,
937 1963 1000 2024 quo
1020 1961 1131 2004 omues
1152 1938 1214 2003 Pco·

254 2062 422 2108 manorum
443 2044 554 2124 poetas
576 2044 703 2126 praeter
724 2041 887 2105 scaenicos
911 2041 1161 2122 complectimur.
