2666 4138
231 233 271 298 14
559 325 566 336 θ
626 234 772 303 ,nsvin
1133 233 1193 306 [rr.

334 398 424 464 Tunc
444 397 525 463 mihi
545 417 613 460 non
634 397 733 462 oculis
757 395 799 460 sit
819 395 964 460 timuisse
985 395 1075 460 meis.
1106 413 1108 418 ’
1169 443 1171 445 -

244 497 276 546 35
292 483 375 559 Quid
395 487 505 548 tenera
518 481 579 545 tibi
594 481 729 564 coniuge
744 479 847 576 opus?
868 482 924 544 tua
946 479 973 542 si
987 478 1074 543 bona
1087 479 1193 544 nescis

337 566 483 649 Servare,
505 566 624 630 frustra
646 563 742 652 claris
764 566 849 628 mest
868 562 1001 637 foribus.

245 664 277 713 55
293 651 337 715 Te
358 653 461 732 tenet,
484 650 632 713 absentes
654 647 733 711 alica
756 647 895 730 suspirat
915 667 1040 712 amores

335 733 380 799 Ilt
402 734 529 798 simulat
549 732 655 796 subito
679 731 878 796 condoluisse
900 733 1003 814 caput

294 819 339 882 At
359 818 439 882 mihi
460 816 648 881 servandam
670 815 794 880 credas:
815 835 883 879 non
904 835 998 878 saeva
1018 835 1130 880 recuso

154 957 157 964 .
336 901 493 984 Verbera,
515 901 657 964 detrecto
677 920 745 964 non
765 919 826 996 ego
848 899 954 963 vincla
974 898 1100 981 pedum.

295 985 376 1050 Tum
397 985 509 1070 procul
530 984 655 1066 abaitis,
678 983 821 1066 quisqrus
842 982 920 1047 colis
942 985 1010 1046 arte
1031 983 1183 1068 capillos,
1314 989 1315 1068 l

245 1083 279 1134 40
335 1069 378 1133 Et
399 1070 469 1133 fluit
491 1069 589 1132 effuso
612 1067 663 1132 cui
683 1071 762 1152 toga
783 1067 855 1130 laxa
876 1066 964 1130 sinu:

296 1153 445 1238 Quisquis
467 1155 500 1217 55
520 1155 678 1234 occurret,
699 1173 741 1215 ne
762 1151 866 1234 possit
886 1150 1007 1215 crimen
1027 1149 1163 1234 habere,

338 1237 387 1302 Sit
407 1237 533 1320 procul,
555 1239 610 1302 aut
631 1235 693 1299 alia
714 1237 778 1299 stet
798 1255 911 1318 precor
932 1237 1007 1300 ante
1027 1235 1089 1300 via

296 1319 349 1386 Sic
369 1321 438 1397 fieri
459 1321 548 1390 iubet
568 1320 636 1403 ipse
658 1318 750 1402 deus,
773 1319 820 1383 sic
840 1329 958 1403 magna
978 1318 1127 1384 sacerdos

337 1403 398 1470 Est
418 1403 497 1467 mihi
519 1402 627 1466 divino
648 1402 823 1467 vaticinata
844 1423 939 1467 sono:

247 1501 280 1550 55
295 1487 384 1551 Η550
405 1487 461 1550 ubi
481 1485 635 1550 Bellonae
657 1489 778 1550 motust
790 1509 818 1550 a
844 1487 934 1569 tata,
957 1487 1022 1551 nec¹
1038 1507 1143 1551 acrem

339 1571 531 1653 Flammam,
552 1591 619 1634 non
640 1591 749 1634 amens
771 1591 827 1634 ver
866 1592 903 1634 ra
924 1573 1009 1634 torta
1030 1571 1138 1636 timet:

296 1655 372 1740 Ipsa
393 1654 531 1738 bipenne
553 1675 626 1718 suos
649 1654 753 1718 caedit
772 1655 914 1719 violenta
934 1655 1070 1718 lacertos

342 1738 503 1823 Sanguine
526 1741 558 1803 et
579 1739 678 1803 effuso
701 1739 825 1823 spargit
845 1739 948 1802 inulta
970 1738 1074 1820 deam,

297 1822 429 1906 Statque
451 1823 534 1888 latus
555 1823 695 1909 praefixa
715 1845 806 1904 reru,
829 1825 894 1886 stat
916 1823 1021 1888 saucia
1041 1824 1171 1905 pectus,

247 1919 282 1970 50
337 1907 382 1972 nt
403 1908 491 1972 canit
511 1909 657 1990 eventus,
701 1927 759 1971 uos
781 1906 840 1970 dea
861 1928 979 1992 magna
999 1909 1119 1970 monet.

297 1991 438 2056 ‘Parcite
444 2041 453 2074 ,
477 2011 572 2074 quam
593 1929 867 2073 rusellinae,
889 1991 1007 2054 violare
1028 1991 1186 2074 puellam,

310 2075 389 2155 llNe
411 2075 520 2160 pigeat
540 2095 657 2158 magno
679 2077 755 2158 post
778 2075 926 2139 didicisse
946 2075 1041 2139 malo.

297 2159 468 2242 Attigeris,
492 2157 638 2222 labentur
659 2179 750 2241 opes,
773 2161 810 2222 ut
830 2159 959 2223 volnere
980 2161 1090 2223 nostro

340 2240 492 2338 Sanguis,
513 2243 550 2304 ut
570 2241 623 2306 lrie
644 2243 747 2306 ventis
770 2242 978 2340 diripiturque
1001 2243 1103 2306 cinis)

230 2378 231 2381 ,
249 2338 282 2388 55
296 2325 340 2390 Et
360 2325 420 2389 tibr
441 2325 629 2408 nescioquas
652 2325 745 2408 dixit,
768 2347 839 2390 mea
860 2325 967 2410 Delra,
989 2347 1126 2410 poenas:

340 2408 375 2474 Si
395 2412 503 2474 temen
524 2409 687 2493 admittas,
710 2410 753 2474 sit
772 2431 886 2493 precor
907 2411 963 2474 illa
984 2411 1072 2474 15515.

298 2492 375 2558 Non
397 2515 456 2578 ego
478 2497 510 2557 te
531 2496 663 2578 propter
683 2514 778 2577 parco
800 2493 875 2577 tibi,
898 2494 954 2560 sed
974 2497 1031 2558 tua
1051 2497 1156 2560 mater

339 2576 392 2640 Me
413 2580 560 2642 movete
596 2599 635 2641 ue
656 2577 720 2642 iras
741 2599 836 2642 aurea
856 2579 957 2642 vincit
978 2599 1067 2643 anus.

296 2659 387 2726 Haec
407 2659 488 2725 miln'
508 2663 540 2724 te
603 2659 690 2727 ducit
709 2662 850 2726 tenebris
871 2662 1035 2746 multoque
1056 2662 1177 2728 timore

249 2758 282 2806 eo
339 2744 466 2810 Ooniun
490 2744 500 2808 i
536 2747 664 2810 nostras
687 2747 769 2810 clam
788 2746 948 2812 tacitrrna
969 2768 1096 2830 manus,

297 2828 386 2893 Haec
407 2767 590 2912 foribusque
605 2833 714 2895 manet
727 2834 825 2896 noctu
839 2853 889 2896 me
906 2831 1009 2895 adfixa
1022 2831 1204 2915 proculque

342 2911 518 2998 Cognoscit
539 2917 603 2978 stre
627 2914 690 2979 itus
711 2937 762 2979 me
784 2915 932 2979 veniente
954 2916 1079 2999 pedum.

298 2996 379 3064 Vive
401 2997 455 3062 diu
476 2997 570 3080 mihi,
594 2936 694 3064 ‹iiilcis
717 3021 812 3063 anusr
833 2999 981 3082 proprios
1003 3020 1063 3096 ego
1080 3001 1206 3086 tecum,

341 3081 390 3148 Sit
410 3081 505 3147 modo
527 3081 592 3164 fas,
614 3103 716 3148 annos
739 3083 949 3148 contribuisse
971 3083 1076 3148 velrm.

249 3177 281 3227 55
297 3166 341 3230 Τ5
364 3189 488 3251 semper
509 3169 680 3250 natamque
701 3170 791 3231 tuam
811 3169 843 3231 te
865 3170 995 3250 propter
1016 3167 1147 3232 amabo:

340 3250 501 3334 Quidquid
522 3250 605 3336 agit,
630 3251 759 3334 sanguis
782 3253 959 3316 esttamen
980 3251 1036 3314 illa
1056 3253 1141 3316 tuus.
1239 3271 1242 3277 ’

299 3332 348 3398 Sit
368 3335 463 3397 modo
487 3339 590 3416 casta,
612 3334 706 3418 doce,
729 3335 873 3418 quamvis
894 3355 962 3399 non
975 3335 1056 3398 vitta
1077 3335 1210 3420 ligatos

340 3415 498 3500 Impediat
520 3419 622 3482 crines
643 3439 703 3482 nec
725 3419 807 3483 stola
828 3420 927 3504 longa
947 3418 1058 3502 pedes,

297 3500 342 3566 Et
362 3499 441 3564 mihi
464 3501 530 3564 sint
550 3501 646 3566 durae
667 3502 770 3587 leges,
793 3503 921 3570 laudare
943 3523 1004 3570 nec
1025 3501 1126 3567 ullam
