2666 4138
423 180 438 186 ”
489 183 703 244 PRAEFATIO.
1042 201 1082 250 xl

108 371 225 414 nomen
243 350 366 427 quidem
386 353 422 410 ut
443 351 596 412 exhiberet
616 356 731 429 poetae.
761 354 839 412 Nem
859 355 901 414 ita
921 375 953 416 ss
972 355 1081 418 habere

110 440 204 514 prout
214 435 286 508 dixi,
297 435 477 511 quamquam
491 455 579 496 nemo
591 441 660 515 ante
674 457 729 497 uos
744 439 962 514 animadvertit,
979 441 1081 501 certis·

109 524 188 582 sime
208 521 334 596 apparet
353 538 389 578 ea
406 537 455 592 re,
476 521 556 595 quod
575 521 604 580 N
623 521 700 581 liber
720 525 839 598 praeter
856 524 1081 600 inscriptionem

109 607 203 681 longe
218 603 415 665 recentiorem
430 605 545 680 relique
559 605 720 681 scriptura,
742 626 816 682 quae
831 611 878 667 est
890 611 995 682 incipit
1007 611 1081 668 Pro·

105 691 235 765 peritus,
257 688 353 748 omnis
368 705 472 763 expers
487 692 533 748 est
547 689 638 748 tItuli.
668 689 746 750 Hinc
760 692 792 750 in
806 691 892 751 libris
908 693 1007 752 minus
1022 694 1080 752 sin·

112 773 190 832 cerIs
211 789 378 848 provenere
392 773 647 848 Interpolstiones.
677 773 756 832 Nam
771 793 837 832 cum
852 793 888 834 ex
901 776 975 851 ipsis
989 776 1079 854 Prop.

109 857 234 931 'scriptIs
249 855 364 916 librarii
378 859 605 931 recuperassent
614 876 725 917 nomen
734 862 850 934 poetae,
863 861 1081 935 quemquidem

111 941 240 1000 ridicula
260 939 422 1002 eorundem
443 939 557 1000 inducti
578 942 747 1016 corruptele
769 938 836 1020 [III,
854 944 903 1016 24,
922 940 974 1022 38]
995 948 1080 1019 puta-

11 1035 13 1038 ·
111 1042 185 1084 vere
204 1023 296 1082 fuisse
316 1027 452 1098 nautam,
475 1023 526 1082 alii
547 1042 584 1084 ex
597 1025 709 1084 Donati
728 1025 791 1085 vits
805 1025 978 1104 Vergiliana
998 1025 1081 1104 (nam

113 1107 300 1168 Salmasisna
319 1107 490 1183 anthologia
511 1127 585 1167 seeo.
600 1107 657 1166 XV
671 1109 810 1190 ,nondum
830 1109 1014 1188 innotuerat)
1031 1113 1080 1170 sd-

111 1192 216 1250 didere
230 1209 411 1266 praenomen
427 1191 519 1266 Sexti,
535 1191 655 1270 qnidam
670 1193 816 1253 Martialis
831 1195 1080 1269 apophoretorum

114 1271 202 1354 [189]
224 1277 365 1334 lemmate
385 1275 499 1335 inducti
519 1277 618 1335 totum
632 1295 707 1352 opus
721 1277 937 1353 inscripserunt
950 1281 1080 1340 mouobt·

112 1361 191 1432 blaa,
214 1377 289 1434 quos
308 1359 430 1418 tandem
451 1377 581 1418 errorem
597 1360 735 1420 dedocuit
751 1361 892 1439 Scaliger.
922 1361 1081 1422 Praeterea

111 1444 252 1503 nonnulli
277 1442 427 1518 Propertii
454 1462 565 1504 nomen
589 1463 657 1504 cum
681 1443 838 1504 Prudentii
867 1446 1080 1506 confundentes

112 1528 192 1588 siout
213 1526 324 1586 fectum
343 1527 435 1585 etiam
454 1527 487 1586 in
508 1527 658 1588 codicibus
679 1529 775 1587 libelli
790 1529 826 1588 de
842 1530 939 1589 dubiis
953 1531 1080 1589 nomini·

111 1613 170 1672 bus
188 1607 245 1690 [gr.
260 1612 312 1670 let.
328 1609 365 1683 V,
379 1611 450 1684 576,
464 1607 565 1690 2211]
582 1631 653 1670 eum
665 1611 782 1671 Aurelii
796 1615 916 1672 nomine
932 1613 1080 1690 ditarunt;

111 1715 173 1772 quo
194 1695 309 1770 primus
328 1695 468 1754 liberavit
487 1695 637 1771 Hauptius
665 1691 732 1773 [act.
754 1713 812 1754 soc.
833 1697 893 1755 litt.
921 1696 1027 1757 Saron.
1054 1717 1080 1756 a.

115 1781 198 1840 1849
214 1797 265 1855 pg.
283 1780 344 1839 260
359 1773 447 1856 sqq.].
477 1779 612 1854 Denique
627 1779 711 1836 fuere
725 1779 777 1854 qui
791 1799 859 1838 eum
873 1781 1005 1839 fecerent
1019 1782 1079 1839 Me-

112 1864 301 1935 vauiensem,
324 1883 354 1922 v.
378 1864 438 1922 123
460 1881 484 1922 c.
508 1865 524 1920 1
545 1864 566 1922 l.
582 1861 611 1919 V
631 1862 745 1938 decepti
765 1862 821 1922 illi.
855 1863 920 1922 Iam
940 1882 1008 1922 oum
1031 1865 1082 1924 vel

114 1967 218 2008 caecus
238 1947 339 2006 videat
363 1945 439 2005 nihil
464 1965 528 2006 esse
554 1947 696 2006 amissum
715 1946 748 2006 in
766 1946 911 2022 principIo
931 1948 1079 2021 carminis,

113 2033 250 2107 sequitur
269 2031 302 2089 in
316 2049 420 2092 aversa
434 2031 544 2106 pagins
558 2029 623 2090 folii
637 2029 841 2106 praecedentis
855 2031 1081 2106 inscriptionem

112 2115 186 2175 libri
200 2115 307 2188 fuisse3
327 2132 386 2190 qua
405 2133 439 2172 re
457 2115 523 2190 ipse
537 2113 616 2174 baud
630 2115 876 2174 contemnendam
891 2115 1020 2175 adfuisse
1035 2135 1080 2177 ar-

113 2200 242 2275 chetypo
257 2200 438 2258 vetustatem
452 2199 607 2258 evincitur.
628 2199 765 2258 Eundem
779 2219 817 2259 na
832 2201 978 2275 scripture
991 2200 1080 2260 nimis

112 2283 229 2342 difficili
250 2284 302 2340 aut
321 2281 445 2342 evanida
465 2287 617 2342 exaratum
636 2283 728 2344 fuisse
749 2283 877 2356 credam,
897 2303 933 2342 es
952 2285 1080 2343 maxims

112 2387 147 2427 re
162 2367 305 2440 adducor,
327 2367 407 2441 quod
426 2367 459 2426 in
477 2367 555 2426 libro
570 2367 600 2425 N
620 2367 677 2426 etsi
697 2367 839 2442 pleraque
854 2369 925 2426 sunt
939 2369 1080 2442 corrupte

112 2453 204 2528 longe
219 2454 322 2510 tamen
335 2451 431 2510 rarius
453 2468 486 2509 ac
502 2451 553 2510 vix
567 2469 708 2525 umquam
723 2451 856 2510 existunt
868 2453 1002 2510 monstra
1015 2470 1081 2511 ver·

112 2537 222 2596 borum
236 2535 318 2608 talia,
334 2553 409 2610 quae
423 2535 620 2594 observantur
630 2535 663 2593 111
673 2535 758 2594 libris
771 2533 956 2595 Catullianis.
973 2535 1081 2605 Quam-

114 2639 204 2695 quam
219 2617 342 2678 minime
357 2619 464 2694 ignoro
479 2619 562 2678 nullo
577 2621 721 2694 tempore,
736 2619 847 2678 nedum
862 2619 986 2680 succulis
996 2619 1079 2690 XIII,

113 2703 219 2778 XIIII,
241 2701 306 2776 XV,
330 2702 463 2762 extitisse
477 2703 615 2763 librarIos
630 2706 693 2762 tam
709 2703 877 2780 diligentes,
893 2709 928 2762 ut
941 2703 1082 2780 religioni

114 2789 259 2846 ducerent
277 2787 369 2846 verba
389 2787 488 2846 minus
515 2786 572 2846 sibi
594 2787 747 2846 intellecta
772 2787 981 2864 apertioribus,
1005 2805 1080 2862 quae

114 2872 188 2947 ipsis
208 2869 394 2944 viderentur,
414 2872 541 2930 mutare.
582 2869 767 2930 Pentametri
787 2873 819 2930 111
840 2871 1001 2946 archetypo
1021 2889 1081 2929 non

114 2956 199 3014 fuere
213 2955 345 3029 reducti,
362 2955 493 3014 carmina
507 2955 626 3030 singula
639 2955 672 3012 in
687 2950 792 3012 eodem
807 2955 885 3012 male
899 2955 991 3013 fuisse
1007 2953 1081 3012 divi·

114 3059 149 3100 sa
169 3039 380 3114 NeapoIItanae
400 3039 590 3098 membranae
617 3037 757 3098 docemur
780 3038 927 3113 exemplo.
964 3035 1081 3095 sedne

114 3123 188 3182 libri
208 3122 329 3198 quidem
349 3123 408 3182 nIsi
428 3124 644 3198 paenultimam
667 3141 734 3180 cum
759 3123 865 3180 ultimo
886 3120 958 3178 satis
979 3123 1082 3196 aperte

112 3205 255 3267 videntur
274 3207 367 3268 fuisse
387 3207 537 3282 dirempti.
572 3206 686 3266 Notum
709 3207 755 3264 est
774 3205 906 3280 primum
919 3203 1081 3267 Lachman-
1193 3247 1197 3254 ·

111 3309 188 3351 num
202 3291 314 3350 librum
336 3292 464 3350 alterum
477 3290 634 3352 rescidisse
648 3290 680 3348 in
694 3289 776 3362 duos,
793 3307 919 3364 quorum
933 3290 1083 3365 posterior

111 3375 261 3450 inciperet
276 3375 312 3434 sb
327 3375 387 3436 illis
401 3375 451 3434 sed
465 3379 577 3450 tempus
589 3375 714 3434 haerare
728 3373 1080 3434 auerruncandorum

110 3459 149 3522 Id
165 3461 201 3519 ut
220 3459 367 3520 statueret
387 3459 513 3520 maxime
534 3458 593 3518 fuit
606 3459 760 3534 permotus
775 3457 900 3518 disticho
915 3458 1081 3531 notissimo,
