2632 4140
483 233 697 293 raissius.
952 247 1069 305 xxxin

98 406 185 484 quet.
231 401 374 478 Suspicor
393 401 509 462 dedisse
529 401 719 478 Propertium
743 402 824 464 mibi.
867 404 995 469 Dativus
1015 407 1070 484 qui

99 489 213 549 dicitur
227 487 341 546 ethicus
355 485 519 545 identidem
534 505 580 561 ap.
595 486 683 546 iilum
696 489 854 564 reperitur.

166 573 208 632 ib.
225 572 267 632 20
280 571 360 630 metio
374 569 525 643 Heinsius,
540 571 627 630 etaim
641 589 670 630 v.

153 657 209 716 ib.
226 656 265 713 21
285 659 462 715 meatorum
481 671 573 716 coreo
586 659 627 716 eat
640 671 693 716 orer
706 657 833 717 comem
845 661 932 728 laeto
944 661 1066 722 reside.

101 807 141 867 In
154 807 186 866 N
205 809 254 866 est
270 825 302 866 e.
316 811 337 866 t.
352 739 437 871 raico
449 758 563 866 reddis
577 807 704 867 orbonae
722 757 814 868 gaso
827 813 869 869 eei
882 743 944 879 cies,
960 810 1069 870 omissa

103 909 158 967 per
172 908 306 950 errorem
321 907 336 950 c
349 890 460 963 littera,
483 907 559 964 quae
580 909 671 965 supra
689 893 815 952 wintere
833 892 972 968 ponenda
984 897 1067 970 erat;

102 977 276 1036 curantem
296 973 439 1049 seriptum
459 976 506 1032 cst
530 991 585 1048 per
604 974 872 1048 abbreviationem,
893 977 1068 1053 compendio

104 1077 149 1132 eo,
171 1077 231 1136 quo
251 1057 324 1117 alias
335 1060 457 1116 tantum
471 1060 609 1133 correpta
621 1075 660 1118 ar
672 1057 771 1118 finalis
785 1060 971 1136 exprimitur,
989 1061 1070 1136 quod

104 1147 208 1202 tamen
226 1141 275 1200 hic
294 1141 460 1202 adhibitum
479 1158 518 1199 ne
539 1141 629 1201 nimis
642 1141 675 1201 iu
689 1143 855 1220 marginem
869 1143 1069 1220 exspatiareu·

104 1231 156 1286 tur
169 1227 297 1288 litterae.
317 1225 355 1285 In
366 1223 405 1299 G,
421 1225 474 1302 qui
487 1223 607 1285 exhibet
620 1228 735 1288 rectum
749 1227 909 1288 verborum
924 1227 1068 1304 ordinem,

104 1311 219 1388 legitur
232 1327 292 1384 qseo
305 1327 360 1386 pro
375 1327 435 1370 cur.

169 1412 210 1470 ib.
227 1412 277 1470 29.
300 1409 401 1471 Codex
414 1410 444 1469 N
454 1409 545 1470 hebet
559 1411 671 1482 erecbli,
683 1410 710 1472 G
721 1413 842 1485 crebri·
855 1413 934 1472 unde
949 1412 986 1474 de
1001 1431 1069 1473 eon·

104 1496 219 1556 iectura
232 1495 415 1571 seripserrmt
428 1494 590 1565 Erechthei,
611 1495 664 1556 sed
677 1497 814 1572 pessime⁴
843 1497 922 1556 Nem
936 1497 994 1558 etsi
1008 1496 1070 1556 Ho-

105 1598 223 1638 merum
243 1579 326 1640 euius
344 1579 411 1638 hl.
432 1579 552 1644 omnino
573 1579 676 1639 debuit
695 1580 766 1640 inici
780 1581 893 1640 mentio
906 1581 1070 1641 Amanien-

105 1683 170 1723 sem
189 1664 282 1724 fuisse
295 1663 486 1723 Aristarchus
506 1669 538 1722 et
556 1665 651 1723 secuti
671 1682 740 1722 eum
754 1664 921 1724 scholastici
934 1665 1070 1741 plerique

105 1747 310 1822 erediderunt,
336 1747 409 1807 haec
432 1750 535 1806 tamen
560 1747 660 1823 opinio
686 1751 806 1823 praeter
828 1749 908 1824 ipsas
924 1749 1070 1820 Athenas

105 1850 270 1907 numquam
289 1831 349 1891 fuit
366 1831 460 1908 uulgo
474 1833 594 1906 recepta
609 1830 689 1906 apud
707 1833 840 1906 veteres3
861 1832 913 1906 qui
933 1834 1069 1892 constan·

106 1919 156 1976 ter
177 1915 284 1974 Chium
310 1915 373 1976 siva
394 1914 591 1992 Smyrnaeum
610 1914 749 1974 dixerunt
766 1916 876 1976 vatem.
912 1913 1072 1975 Praeterea

106 2003 143 2059 ut
161 1999 336 2076 Propertius
362 2001 450 2058 aliter
470 1997 611 2059 statuerit
628 2015 718 2074 quam
739 2015 842 2058 omnes
866 1997 975 2074 reliqui
1000 2017 1069 2074 poe-

105 2087 155 2144 tae
179 2083 281 2159 latini3
303 2082 487 2159 ineptissime
512 2085 614 2142 tamen
637 2081 667 2140 h.
688 2081 915 2159 l.'signifieatur
941 2082 1071 2159 simplici

105 2167 298 2228 Atheniensis
312 2168 432 2228 nomine
443 2165 601 2240 Homerus,
617 2165 825 2226 cumAthenas
839 2167 937 2227 omnis
951 2168 1070 2244 generis

105 2253 204 2328 poetis
224 2251 390 2312 abundasse
411 2253 534 2312 constet.
578 2249 703 2310 Accedit
721 2249 803 2326 quod
820 2269 882 2310 non
900 2251 1000 2310 minus
1019 2251 1069 2310 ab·

106 2335 196 2397 surde
217 2335 408 2395 Atheniensis
426 2335 605 2396 vocabulum
625 2334 787 2410 opponitur
807 2334 937 2394 Socratis
956 2334 1071 2396 nomini

106 2420 188 2496 quod
200 2420 369 2496 praecessit,
387 2437 455 2479 eum
468 2417 516 2478 hie
530 2417 639 2494 etipse
659 2417 752 2478 fuerit
770 2435 808 2487 ex
821 2417 942 2477 eivitate
956 2417 1070 2478 eadem.

105 2503 167 2562 Vix
186 2507 288 2564 temen
307 2521 381 2580 opus
403 2503 585 2575 coniectura,
606 2501 695 2562 modo
710 2503 801 2588 ⁴recte
825 2502 912 2560 utare
938 2501 1070 2578 apicibus

106 2587 241 2664 traditis3
256 2605 326 2646 nam
340 2587 427 2646 fluxit
439 2587 547 2648 vitium
561 2603 598 2646 ex
612 2583 926 2662 scripturaquadrata.
948 2585 1071 2660 Repone

106 2690 206 2732 eorus:

213 2756 277 2816 Aut
290 2756 362 2832 quid
376 2773 425 2830 epe
441 2755 507 2816 otis
520 2756 577 2816 tibi
591 2757 719 2832 prosunt
732 2755 865 2814 carmina
877 2754 964 2814 lecta.

170 2840 253 2915 epos
266 2859 327 2900 non
341 2841 439 2900 solum
452 2841 484 2898 in
498 2839 616 2907 Horatii
630 2839 738 2911 satiris,
762 2839 814 2898 sed
829 2839 919 2898 etiam
933 2838 967 2896 in
980 2837 1070 2897 eroti-

106 2923 151 2984 cis
161 2922 266 2995 ,Ovidii
283 2925 442 3001 reperitur.
471 2922 601 2982 Plureiis
621 2939 670 2996 epe
691 2919 759 2998 (nec
775 2940 846 2981 vero
862 2922 1007 2998 singulari
1020 2921 1070 2981 hio

105 3009 174 3068 eret
186 3005 282 3087 loeus)
303 3011 339 3069 ut
358 3007 437 3083 apud
451 3007 605 3066 Maronem
619 3011 684 3076 cete,
698 3004 779 3080 apud
792 3005 880 3063 Lucr.
896 3008 928 3063 et
942 3003 1006 3062 Cat.
1016 3021 1069 3076 pe·

104 3094 181 3167 laec,
195 3092 274 3168 apud
285 3093 444 3168 plerosque
457 3095 558 3164 coepe.
582 3089 688 3166 Neque
702 3087 822 3148 hercule
837 3086 888 3163 qni
901 3087 983 3147 norit
996 3085 1070 3146 Pro·

105 3176 238 3252 partium
264 3179 316 3236 aut
339 3175 372 3234 in
395 3175 541 3236 vocabulo
566 3191 671 3251 graeco
692 3173 796 3232 autin
815 3187 921 3248 graeca
945 3169 1070 3231 flexione

104 3261 251 3319 haerebit.
280 3259 324 3318 Vt
341 3259 390 3318 hio
406 3257 472 3319 Obie
491 3258 612 3318 nomine
631 3257 797 3316 Homerum
816 3255 860 3314 ita
878 3253 951 3314 alibi
968 3253 1071 3315 Peles

102 3345 166 3404 oiri
179 3343 257 3402 dixit
268 3342 427 3402 Achillem.
458 3341 598 3402 Ceterum
611 3358 650 3400 ne
663 3339 806 3414 languere
820 3340 907 3415 putes
921 3335 1071 3399 illudtbe‘i

10 3495 12 3502 Α
103 3431 252 3498 comem,
266 3428 436 3504 appositum
450 3443 514 3486 esse
529 3423 661 3484 animum
676 3421 812 3483 attendas
827 3423 865 3482 ad
878 3441 936 3498 epe,
950 3426 986 3482 ut
999 3423 1071 3482 alibi

102 3510 189 3590 apud
199 3509 329 3574 eundem
343 3513 461 3586 ltopeoe
474 3509 604 3571 stodiam
614 3507 816 3570 Demosthenis
828 3525 923 3578 armo,
938 3507 987 3568 vei
1002 3507 1079 3592 alepi·

139 3613 292 3656 nomm.
885 3621 900 3660 e
