2630 4110
491 157 700 215 PRAEFATIO.
1036 171 1075 221 χι

112 327 268 386 commodo
290 326 409 388 obviam
429 327 466 386 iit
484 327 706 402 Lachmannus,
733 327 770 386 de
795 325 878 387 ouius
900 327 961 388 iam
987 347 1077 404 supra

112 411 276 471 memoravi
296 410 436 470 editione.
466 411 496 470 Is
511 430 547 469 11
567 412 711 472 immenso
727 413 870 488 apparatu
883 431 972 488 quem
988 413 1076 472 colle-

112 499 191 569 ctum
213 515 231 552 a
249 494 413 554 Laurentio
430 495 580 569 Santeuio,
602 496 652 570 qui
673 497 750 555 circa
763 497 853 556 finem
868 497 976 556 saeculi
990 515 1076 572 supe·

111 579 199 638 rioris
218 579 409 654 iniquissimo
429 581 562 655 tempore
581 580 721 640 Heinsios
741 583 772 640 et
786 580 988 640 Broukhusios
1007 599 1075 655 pro·

110 663 176 738 pria
196 663 364 724 aemulatus
384 667 448 722 erat
467 664 622 738 industria,
638 665 819 726 bibliotheca
837 665 971 740 possidet
984 665 1074 724 Bero-

110 747 234 806 linensis
261 747 355 823 elegit
375 749 410 805 ut
429 749 558 808 sincerae
583 748 720 808 lectionis
744 752 837 810 testes
860 749 1020 810 fidissimos
1045 752 1076 808 ct

112 849 176 890 cum
198 849 327 907 quornm
347 831 491 893 alterutro
513 828 584 894 libn'
604 851 666 892 non
685 833 858 909 interpolati
877 834 987 908 ubique
1007 851 1074 894 con-

110 915 257 976 sentirent
285 915 399 976 codices
425 934 499 991 quos
524 917 642 978 vocarit
667 917 900 978 Laurentianum
926 920 957 976 et
985 917 1074 976 Data-

110 1017 190 1058 num.
221 999 303 1070 Quae
325 1017 373 1058 res
393 1003 538 1074 quantum
558 1001 706 1060 commodi
725 1002 861 1060 attulerit
875 999 993 1060 Catullo
1016 1001 1075 1060 dici

110 1083 158 1141 rix
177 1085 290 1158 potest.
334 1083 412 1142 Nam
433 1086 490 1144 etsi
512 1103 567 1144 neo
588 1083 797 1146 Germanensis
817 1084 887 1144 libri
913 1085 1074 1144 lectionum

111 1167 201 1226 ullam
222 1167 331 1229 habuit
350 1169 491 1228 notitiam
504 1167 719 1243 Lachmannus,
741 1171 773 1228 et
786 1167 944 1244 aliquando
958 1167 1074 1228 Datano

110 1252 222 1317 tribuit,
239 1252 381 1326 nimium,
403 1271 437 1310 ea
457 1256 559 1312 tamen
578 1252 754 1314 dexteritate
773 1255 805 1313 in
820 1253 986 1329 deligendis
1000 1272 1074 1328 quos

113 1337 289 1410 sequeretur
308 1335 458 1396 codicibus
479 1337 545 1410 fuit,
565 1339 667 1412 paucis
682 1341 718 1398 ut
730 1339 803 1398 locis
818 1339 947 1414 exeeptis
963 1335 1074 1397 Catulli

112 1423 261 1495 scriptura
280 1438 316 1478 ea
337 1439 412 1496 quae
433 1421 531 1480 fixerat
548 1422 581 1482 in
600 1423 760 1499 archetypo
774 1421 940 1482 Veronensi
953 1439 1074 1497 recupe-

111 1508 237 1578 raretur,
250 1504 328 1562 unde
339 1506 399 1563 ism
411 1523 478 1564 eum
489 1507 644 1567 commodo
655 1509 757 1582 posset
766 1507 946 1582 principium
957 1523 1074 1564 sumere

111 1590 206 1648 omnis
229 1587 406 1648 emendandi
425 1590 618 1665 probabilitas
638 1610 671 1650 ac
691 1592 777 1650 ratio.
813 1589 887 1652 Post
900 1590 978 1650 buno
997 1590 1073 1648 mul-

111 1677 175 1730 tum
189 1673 307 1749 profuit
322 1671 439 1734 Catullo
454 1673 612 1750 Hauptius,
629 1676 665 1734 de
680 1675 844 1752 quostiam
858 1675 994 1734 diximus.
1009 1673 1075 1732 Hoc

110 1757 158 1816 vix
177 1758 327 1819 minorem
346 1757 465 1822 laudem
484 1759 595 1818 meruit
615 1759 799 1831 sebirchtus,
825 1760 877 1832 qni
896 1777 1075 1834 quamquem

111 1841 173 1916 ipse
192 1859 290 1918 pauca
308 1843 432 1904 novavit
449 1843 482 1900 in
508 1843 607 1902 verbis
633 1846 752 1918 poetae,
778 1843 907 1900 multum
927 1844 1028 1900 tamen
1047 1841 1075 1898 ei

111 1925 297 2002 praestitisse
318 1925 482 1986 censendus
502 1929 557 1986 est.
598 1925 734 1986 Primum
749 1925 835 1989 ,enim
853 1924 1074 2000 quaestionibus

113 2008 289 2070 Catullianis
309 2030 335 2067 a.
354 2011 434 2070 1862
456 2009 543 2070 editis
558 2029 632 2085 quae
648 2010 711 2070 iere
726 2009 762 2070 de
776 2009 840 2070 vita
854 2011 885 2068 et
898 2007 1004 2070 studiis
1020 2007 1074 2068 (la-

112 2095 179 2152 tulli
192 2095 312 2154 ratione
334 2097 365 2152 et
378 2095 487 2154 indicio
502 2095 640 2154 adhibitis
655 2096 778 2171 possent
791 2093 931 2170 expediri,
947 2093 1075 2152 feliciter

112 2179 295 2251 enucleavit,
318 2196 384 2236 eum
404 2181 508 2238 eontra
528 2177 730 2255 Westphalius
757 2179 791 2238 in
819 2179 922 2238 eadem
950 2177 1075 2236 materia

111 2261 267 2322 tractanda
281 2263 324 2322 ita
338 2263 497 2324 indulserit
510 2263 631 2339 ingenio
642 2263 813 2338 luxurianti,
825 2264 860 2322 ut
875 2263 975 2338 potius
990 2262 1074 2322 fabu-

111 2348 171 2406 lam
191 2347 342 2406 Milesiam
368 2367 458 2424 quam
488 2347 643 2408 historiam
668 2367 771 2408 reram
800 2350 851 2406 aut
881 2346 1074 2407 verisimilem

112 2433 314 2508 composuisse
328 2433 402 2490 mihi
415 2431 561 2506 videatur,
578 2432 614 2491 de
626 2451 685 2508 qua
698 2451 732 2490 11
747 2435 778 2491 11
791 2431 942 2507 Rettigius
957 2430 1032 2489 dixit
1042 2431 1075 2488 in

112 2515 215 2576 libello
236 2516 401 2576 academico
422 2515 768 2590 Β11111118681111111,
791 2517 838 2574 cui
858 2515 982 2574 titulum
1004 2513 1075 2572 feeit

113 2599 344 2673 Catulliana,
366 2617 420 2659 nec
440 2601 538 2661 minus
559 2601 618 2660 alii.
662 2601 777 2660 Deinde
796 2601 878 2660 idem
904 2598 1074 2658 Schwabius

112 2685 284 2744 recensione
303 2683 463 2744 Catulliani
482 2687 554 2745 libri
575 2706 601 2744 a.
620 2687 700 2746 1866
719 2685 858 2745 instituta
877 2685 908 2742 et
922 2682 1075 2758 archetypi

112 2769 294 2830 Veronensis
315 2769 490 2845 exemplaris
510 2770 705 2846 inquantum
726 2769 826 2845 potuit
845 2767 911 2826 fieri
924 2769 990 2844 pari
1003 2785 1074 2826 usus

113 2853 270 2930 diligentia
290 2855 322 2914 et
340 2854 474 2914 sollertia
495 2871 562 2914 eum
581 2854 639 2914 fide
659 2854 895 2930 repraesentavit
914 2853 1075 2927 scripturas

114 2935 308 3016 (quamquam
332 2957 401 2998 eum
430 2938 477 2998 bis
507 2941 591 3000 11111
618 2939 696 2998 libro
725 2937 982 3016 Sangermauensi
1002 2936 1075 3010 plus

114 3041 206 3099 aequo
228 3022 369 3083 detulisse
395 3021 561 3102 existimo),
587 3041 727 3084 necnon
753 3024 786 3082 in
812 3023 939 3082 lectione
967 3018 1076 3078 consti·

113 3108 223 3168 tuenda
243 3125 280 3166 ex
301 3125 464 3183 permagna
482 3109 567 3184 parte
587 3108 667 3168 idem
687 3107 761 3166 mihi
779 3105 943 3167 rectissimo
957 3103 1077 3164 videtur

114 3211 177 3252 esse
189 3211 262 3252 usus
277 3191 395 3252 iudicio.
416 3192 551 3268 Denique
561 3191 771 3252 memorandus
784 3190 916 3264 Ellisius,
932 3190 984 3265 qui
998 3204 1076 3248 anno

116 3277 195 3336 1867
218 3275 349 3334 carmina
364 3275 473 3336 Catulli
494 3277 638 3337 ditissimo
659 3277 804 3335 instructa
818 3277 961 3351 apparatu
975 3273 1076 3332 critico

115 3365 146 3419 et
159 3359 408 3437 splendidissimis
424 3379 562 3436 expressa
575 3361 657 3438 typis
672 3359 773 3420 edidit.
802 3359 887 3420 Idem
902 3361 933 3416 et
947 3354 1076 3430 strophis
1161 3433 1170 3439 Π

115 3463 216 3506 111111
237 3445 302 3504 1111
324 3445 497 3520 dispescuit,
519 3445 555 3504 de
577 3464 635 3520 qua
654 3463 686 3502 re
707 3444 944 3506 dissertationem
964 3437 1077 3499 addidit
