2616 4120
241 221 316 268 nxn
619 200 834 260 PRAEFATIQ

195 445 197 450 ,
241 377 376 448 claritas,
397 393 487 450 quem
502 391 571 434 sene
586 390 621 432 ea
634 373 824 432 veneratione
844 372 914 430 sunt
932 371 1097 450 prosecuti,
1119 390 1219 447 qnam

240 453 508 532 εἰδωλολατρειαν
519 457 648 517 vocant'
640 457 707 532 1psi.
730 455 863 515 Contra
854 473 887 514 ιιι
899 455 993 514 latino
1008 457 1105 514 metro
1120 458 1216 515 reris-

242 545 316 604 sime
331 543 440 616 evenit,
456 545 491 601 ut
506 541 649 616 simplicis
664 541 830 616 elegantiae
845 540 928 615 leges
943 557 1015 614 pree
1026 537 1128 599 Ovidii
1134 539 1217 598 Ver

241 629 369 704 giliique
381 627 497 723 placitis
512 627 732 700 spernerentur
1201 666 1207 674 .

304 711 349 770 Ao
363 711 494 786 primum
505 707 626 784 quidem
637 707 818 766 monendum
829 707 960 768 diverses
970 725 1025 783 pro
1037 709 1214 783 temporum

241 795 386 856 verietate
402 794 528 890 singulis
543 793 639 868 poetis
654 791 783 850 adfuisse
795 792 925 851 rationes
935 793 1082 852 metricas.
1099 793 1213 863 Quam-

241 898 331 954 quem
352 879 439 938 huius
458 878 503 936 rei
530 876 673 934 iudicium
693 876 840 934 lubricum
865 893 953 950 seepe
973 879 1005 934 et
1022 876 1212 952 ambiguum,

241 963 372 1039 primum
391 962 471 1037 quod
490 961 700 1036 plerorumque
721 961 875 1018 auctorum
888 963 1024 1019 veterum
1044 960 1116 1018 libri
1135 980 1212 1036 quo-

241 1065 312 1105 nem
334 1046 435 1106 ordine
450 1045 512 1105 sint
526 1043 672 1120 conpositi
685 1044 851 1120 ignoretur,
871 1043 977 1102 deinde
992 1043 1071 1120 quod
1085 1046 1212 1105 omnino

241 1133 377 1190 veterum
397 1131 577 1205 scriptorum
596 1129 695 1204 prime
708 1146 756 1190 ars
771 1147 788 1186 ι
802 1146 918 1187 summo
931 1145 992 1186 ιιοιι
1006 1146 1041 1186 eo
1056 1128 1149 1187 distet
1163 1131 1211 1188 in-

241 1215 383 1287 tervallo,
405 1213 486 1288 quod
506 1213 622 1288 optinet
641 1213 735 1271 ferme
749 1213 830 1270 inter
842 1211 929 1270 initis
942 1229 979 1271 ec
988 1210 1063 1270 fines
1077 1215 1211 1272 neoteri-

242 1317 354 1358 corum
385 1295 524 1356 Ceterum
544 1297 601 1356 etsi
620 1315 726 1356 verum
744 1299 791 1356 est
803 1297 916 1371 poetes,
931 1314 991 1370 quo
1005 1294 1125 1372 longius
1138 1317 1212 1372 pro·

242 1382 378 1444 cedunt
369 1400 403 1440 ιιι
422 1380 544 1454 studiis,
570 1398 604 1439 eo
624 1381 720 1457 magis
740 1382 837 1440 artem
854 1379 1022 1454 intendere,
1048 1381 1210 1492 aliquando

245 1469 348 1525 tamen
361 1465 543 1524 eontrarium
557 1464 671 1523 accidit.

305 1548 343 1607 V
370 1548 515 1608 Necnon
539 1548 634 1607 refert
657 1549 854 1624 permultum,
881 1547 1005 1607 norisne
1031 1567 1070 1608 ιιι
1089 1549 1209 1624 pridem

242 1632 375 1709 vulgetis
395 1633 528 1692 numeris
542 1634 666 1692 utantur
679 1634 823 1706 auctores,
839 1633 980 1707 quonism
994 1634 1029 1692 ιιι
1041 1633 1074 1692 in
1087 1633 1150 1692 vita
1163 1635 1210 1693 ite

241 1718 275 1778 ιιι
296 1721 360 1776 arte
379 1717 543 1794 plurimum
568 1717 705 1777 iuvamur
730 1715 891 1791 exemplis,
918 1735 993 1790 quae
1013 1717 1063 1776 vel
1082 1717 1107 1776 si
1126 1719 1209 1777 male

242 1804 314 1863 sunt
328 1801 367 1860 ed
379 1819 485 1862 verum
498 1798 749 1860 inveniendum'
721 1819 801 1860 viem
814 1801 963 1860 muniunt.
980 1799 1058 1930 Quid
1072 1801 1108 1859 ab
1123 1805 1208 1861 omni

242 1904 335 1963 prope
349 1888 434 1964 perte
448 1904 473 1945 ιι
465 1884 682 1961 perfecte?

305 1969 359 2028 Vl.
381 1969 480 2046 Igitur
498 1970 551 2028 ubi
572 1969 761 2028 corroborata
781 1971 851 2066 post
870 1969 1013 2028 medium
1017 1987 1042 2027 ι
1058 1985 1087 2027 u.
1103 1987 1127 2028 c.
1142 1989 1208 2028 see·

242 2054 344 2113 culum
358 2051 434 2111 VHI
452 2053 538 2112 latini
552 2071 656 2114 versus
677 2056 741 2112 arte
755 2071 815 2112 non
828 2053 963 2112 invenire
976 2055 1055 2112 nova
1069 2053 1120 2112 sed
1134 2055 1207 2112 reti-

242 2155 313 2196 nere
327 2139 414 2212 parta
427 2137 565 2196 interfuit
576 2138 795 2212 plerorumque,
810 2139 875 2194 tam
889 2155 960 2196 vero
975 2155 1059 2212 quaer
1050 2137 1208 2197 tumultu

242 2221 322 2280 facto
335 2221 368 2279 ιιι
382 2219 499 2281 diverse
513 2221 674 2282 discessere
687 2224 831 2292 suctores,
845 2237 900 2294 pro
914 2221 1057 2280 verietate
1071 2221 1207 2297 ingenio-

242 2324 311 2364 rum
331 2304 406 2364 elius
427 2305 509 2364 eliud
528 2306 677 2381 Augustei
697 2305 762 2364 eevi
777 2304 945 2379 exemplum
958 2304 1125 2364 imitatione
1138 2325 1207 2381 pre·

243 2390 368 2448 mentes.
384 2388 425 2446 Et
438 2389 567 2448 maxima
581 2389 659 2465 apud
668 2389 849 2448 recentiores
861 2389 1035 2447 auctoritate
1043 2389 1208 2465 viguerunt

242 2471 395 2549 Vergilius
409 2475 441 2532 et
455 2471 589 2534 Ovidius,
616 2472 733 2547 Quippe
747 2471 801 2532 hos
814 2489 876 2530 non
890 2473 996 2531 similis
1010 2473 1098 2532 modo
1113 2477 1206 2534 mate·

242 2557 305 2617 riee
320 2557 493 2632 scriptores,
515 2556 567 2616 sed
587 2575 691 2616 omnes
703 2557 850 2630 quotquot
863 2556 985 2615 treiunt
997 2559 1102 2632 poe'lee
1116 2576 1207 2633 quam

242 2641 468 2717 religiosissime
479 2641 682 2701 observarunt.
702 2639 798 2710 Quare
808 2639 887 2698 haud
900 2641 943 2698 ιιι
952 2659 1094 2718 magnum
1107 2643 1206 2702 lecum

242 2725 417 2804 melioorum
430 2743 571 2785 versuum
585 2726 616 2782 ιι
629 2720 816 2782 satiricorum
830 2727 894 2782 erte
909 2725 1115 2784 constituenda
1130 2727 1206 2801 opti

242 2810 312 2868 ιιιιιι
326 2795 478 2880 Horatius,
493 2825 549 2866 nee
562 2807 691 2865 multum
705 2808 801 2866 veluit
815 2809 950 2884 exemplo
965 2809 1112 2868 Tibullus
1134 2809 1206 2870 Pno-

241 2895 373 2968 pertitam
393 2893 444 2968 qui
464 2892 525 2951 sint
545 2891 638 2949 secuti
656 2909 718 2950 non
735 2893 865 2951 invenio.
910 2893 970 2952 Sed
997 2895 1207 2970 gravissimum

220 3025 222 3030 ,
242 2977 312 3036 inde
331 2977 432 3038 evenit
452 2975 610 3034 discrimen
629 2975 727 3050 poetis
746 2977 883 3050 posteris,
904 2977 1119 3053 quodquidam
1133 2977 1207 3036 Ver-

242 3061 359 3136 gilium,
376 3058 517 3120 Ovidium
531 3057 582 3116 elii
596 3059 693 3134 magis
707 3061 871 3134 probavere
886 3060 1000 3119 ducem.
1026 3061 1091 3121 Iem
1104 3079 1208 3137 quem·

239 3164 332 3220 quem
346 3147 472 3218 uterque
485 3142 646 3202 seotetoree
656 3143 761 3202 habuit
772 3146 819 3202 sat
828 3145 949 3217 multos,
960 3145 1092 3220 potiores
1106 3147 1208 3204 temen

241 3228 384 3286 aemulati
405 3227 476 3286 sunt
494 3225 659 3301 Nasonem,
689 3227 777 3286 focile
796 3229 832 3286 ιιι
850 3227 948 3304 possit
966 3228 1101 3287 concludi
1120 3228 1209 3288 1ιιιιιιι

241 3311 337 3386 magis
356 3327 492 3371 normam
512 3311 611 3387 gentis
625 3311 775 3372 Romanae
794 3311 889 3371 indoli
910 3314 941 3371 et
955 3311 1111 3372 subtilium
1124 3313 1209 3389 inge·

241 3395 360 3457 nicrum
379 3395 557 3470 proprieteti
577 3398 745 3457 convenire.
775 3396 891 3472 Nempe
913 3394 1053 3457 Ovidium
1074 3399 1144 3456 sunt
1163 3414 1209 3455 se-

239 3478 303 3536 cuti
322 3478 383 3538 fere
405 3477 557 3555 Lucanus,
574 3478 754 3556 Columella,
771 3484 906 3540 auctores
921 3479 1132 3556 Priapeorum,
1147 3479 1211 3540 Hc·
