2630 4110
473 210 686 270 PRAEFATIO.
985 225 1055 272 Lllv

87 377 184 455 Apud
198 377 328 438 Graecos
348 379 450 438 tamen
471 398 525 456 pro
545 379 672 438 mollitia
699 379 816 440 dialecti
835 378 953 440 Ionicae
973 399 1057 456 prae·

88 464 176 522 valet
195 463 342 539 dactylus,
365 465 396 521 at
416 461 494 539 apud
507 463 656 524 Romanos
681 481 735 539 pro
754 464 845 524 insita
859 463 943 542 genti
956 463 1057 524 indole

88 545 253 622 spondeus.
293 545 381 606 Adde
403 546 484 622 quod
509 543 644 608 catulus
669 565 736 606 cum
760 547 899 608 Lucretio
924 548 1058 608 nondum

86 631 213 690 firmata
232 633 296 690 arte
316 629 487 691 durioribus
510 631 607 690 utitur
625 633 767 692 numeris.
810 631 848 694 In
866 633 971 708 quinto
990 633 1056 692 loco

86 715 249 790 legitimus
263 715 310 774 est
323 714 468 790 dactylus,
490 733 668 791 quamquam
684 714 818 776 Catullus
833 735 900 776 cum
915 717 976 778 suis
990 716 1056 774 imi-

86 797 485 858 tationeAlexandrinorum
498 800 690 875 saepiuscule,
703 802 788 860 extra
800 801 998 878 hymenaeum
1012 803 1057 858 ta·

58 895 65 908 ·
87 901 179 956 men,
205 883 277 942 fecit
301 883 399 942 locum
424 883 554 958 spondeo
583 877 631 964 [ci.
650 887 683 942 et
703 883 763 944 Cic.
785 884 822 944 aa
841 883 906 944 Att.
922 882 996 956 VII,
1014 879 1056 962 2]-

90 967 176 1038 Quid
189 967 269 1042 quod
287 967 339 1026 illa
359 967 391 1026 in
411 967 522 1044 epyllia
538 967 632 1028 semel
645 969 707 1028 tres
722 969 907 1030 continuavit
921 968 1056 1044 spondia-

89 1053 199 1110 zontas
222 1046 288 1129 [64,
311 1047 474 1130 78-8cl,
496 1069 563 1110 cum
589 1051 661 1110 alibi
686 1069 725 1110 ne
750 1051 823 1112 duos
842 1051 962 1126 quidem
983 1053 1057 1112 tales

88 1132 212 1194 iunctos
227 1135 259 1206 in
273 1137 369 1194 metro
383 1134 492 1194 Latino
506 1135 705 1194 meminerim.
728 1133 858 1195 Omnino
868 1135 958 1198 vicies
973 1136 1056 1210 quin·

90 1219 181 1294 quies
196 1218 317 1278 admisit
330 1219 395 1278 loco
409 1219 594 1296 paenultima
610 1219 784 1294 spondeum,
800 1221 831 1278 et
844 1219 965 1295 quidem
978 1219 1058 1278 haud

89 1321 163 1362 raro
179 1303 314 1379 neglecta
327 1304 404 1380 lege,
420 1306 455 1362 ut
468 1303 659 1379 praecederet
673 1303 819 1380 dactylus,
836 1307 871 1363 ut
884 1307 959 1380 puta

277 1403 420 1463 Phasidos
435 1404 475 1464 ad
487 1403 593 1477 tineus
607 1405 720 1476 eliaca
734 1407 854 1464 Aeeteos.

93 1505 312 1667 {effelfitiam
340 1504 452 1564 hahent
477 1523 598 1566 versum
627 1505 753 1565 exclusis
782 1506 903 1565 omnino
933 1479 1058 1583 dactylis

176 1633 183 1661 2

258 1690 310 1765 qui
323 1692 354 1750 te
368 1691 495 1750 lenirem
507 1690 593 1750 nobis
607 1709 667 1750 nau
681 1708 829 1750 conarere.

93 1789 142 1850 cf.
159 1789 188 1848 d.
204 1809 229 1874 r.
244 1809 284 1848 m.
299 1808 350 1866 pg.
368 1792 426 1848 141
444 1809 487 1866 sq.

76 1898 83 1906 '
160 1888 275 1950 Vltima
293 1893 394 1950 autem
415 1892 532 1968 syllaba
552 1909 608 1968 pro
628 1893 736 1950 natura
756 1890 846 1948 metri
865 1889 992 1948 habetur
1014 1889 1059 1948 in·

94 1974 270 2034 differenter
289 1975 418 2052 exceptis
438 1975 578 2036 versibus-
595 1976 639 2036 eis
658 1975 710 2050 qui
729 1975 870 2038 tenentur
889 1973 957 2050 lege
972 1991 1059 2050 syna-

93 2059 193 2134 phiae.
222 2059 390 2118 Fatendum
403 2061 506 2119 tamen
526 2060 621 2136 magis
636 2075 750 2120 amasse
765 2056 893 2118 Graecos
908 2061 939 2118 et
952 2056 1058 2117 Roma·

94 2161 151 2202 nos
176 2143 336 2202 terminare
360 2143 549 2204 hexametros
574 2144 663 2204 simul
689 2145 719 2203 ct
743 2144 945 2219 pentametros
969 2142 1060 2218 longa

94 2227 222 2303 syllaba,
237 2228 281 2286 ita
294 2229 328 2286 ut
341 2229 428 2304 vigor
442 2228 650 2288 conciliaretur
663 2228 804 2300 numeris,
820 2229 872 2287 ant
883 2228 962 2286 certe
973 2227 1058 2286 brari

95 2329 131 2370 ea
157 2328 232 2386 quac
255 2313 288 2370 in
313 2329 472 2372 consonam
497 2314 674 2372 excurreret.
715 2310 855 2372 Ceterum
879 2311 1059 2387 pentametri

94 2395 210 2472 optima
225 2396 336 2470 species
350 2396 478 2455 habetur
491 2396 579 2455 haec:

368 2526 724 2546 υυυυυυυυυυυυ
736 2511 759 2544 hi

249 2598 299 2657 vix
312 2597 449 2658 Priamus
464 2598 541 2658 tanti
555 2601 678 2674 totaque
694 2597 783 2659 Troia
796 2597 863 2656 fuit.
986 2605 989 2612 '

183 2715 235 2775 De
262 2717 426 2776 caesuris
451 2716 489 2774 in
510 2695 628 2775 metro
649 2713 950 2775 lstino'diximns
970 2712 990 2771 l.
1011 2711 1059 2773 III

94 2816 168 2876 pgg.
183 2801 370 2860 177-205.

160 2915 268 2976 Incisio
286 2917 318 2976 in
339 2917 511 2978 hexametro
531 2918 621 2996 longe
641 2917 879 2995 frequentissima
893 2916 1057 2992 penthemi-

93 3017 193 3060 meres
208 3019 270 3061 srve
285 3002 496 3078 semiquinaria

136 3215 253 3294 Vesper
267 3220 351 3280 adest
364 3221 506 3296 iuvenes3
526 3217 531 3300 Ι
551 3221 731 3296 consurgite.
759 3217 875 3292 Vesper
890 3214 1028 3294 Olympo.

93 3319 180 3378 Hsno
200 3337 260 3396 quo
278 3321 346 3398 quis
365 3323 461 3400 magis
481 3321 631 3398 elegantia
653 3319 784 3380 carmina
798 3321 955 3396 conposuit
968 3323 999 3380 et
1013 3323 1057 3380 te·

92 3405 188 3478 nella,
210 3423 245 3464 eo
266 3406 383 3482 saepius
403 3407 573 3465 adhibuere.
601 3404 807 3464 Praeterea
829 3405 953 3466 eadem
974 3407 1056 3462 tan·

91 3493 170 3548 tum
199 3507 274 3548 non
301 3508 448 3568 semper
475 3489 691 3564 invenitur,
720 3488 784 3548 ubi
812 3489 966 3566 quintus
992 3503 1056 3560 pes
