2666 4138
224 245 267 310 32
635 245 778 302 TIBVLLI
1141 247 1188 321 [Vr

286 411 384 476 Lacte
406 410 537 476 madens
558 409 625 474 illic
647 409 774 474 suberat
793 408 863 472 Pan
884 408 967 472 ilicis
988 408 1119 474 umbrae

329 496 374 560 Et
394 496 480 560 facta
501 495 620 579 agresti
642 494 750 578 lignea
773 493 854 560 falce
875 492 983 576 Pales,

287 579 512 664 Pendebatque
533 578 608 662 vagi
628 578 766 661 pasturis
788 578 823 641 in
845 577 957 642 arbore
979 579 1102 660 vetum,

239 674 273 728 10
330 662 464 728 Garrula
486 662 624 726 silvestri
644 661 752 726 fistula
773 682 863 725 sacra
884 661 959 744 dec,

287 747 425 830 1101110,
448 747 499 810 cui
521 767 645 830 semper
667 745 820 810 decrescit
842 745 1005 810 arundinis
1029 746 1123 813 ordo:

330 831 414 896 Nam
437 831 576 894 calamus
600 850 671 894 cera
691 830 835 914 iungitur
856 850 956 912 usque
977 830 1091 894 minor.

288 915 333 980 At
354 936 418 998 qua
438 914 569 980 Velabri
589 915 679 998 regio
701 917 806 997 patet,
828 913 875 978 ire
897 914 1022 978 solebat

330 999 474 1084 Exiguus
495 998 589 1084 pulsa
609 1019 667 1081 per
688 997 768 1061 vada
789 997 885 1062 linter
907 1019 998 1082 aqua.

240 1082 349 1147 151110
370 1105 464 1166 saepe
486 1082 593 1168 gregis
615 1081 674 1145 diti
695 1081 852 1165 placitura
872 1083 1026 1166 magistro

330 1167 383 1231 Ad
403 1168 551 1231 iuvenem
571 1166 686 1230 festast
707 1169 797 1230 vecte
818 1167 925 1250 puelle
947 1166 1012 1250 die,

290 1251 370 1317 Oum
393 1273 455 1334 qua
475 1249 603 1314 fecundi
624 1249 787 1314 redierunt
807 1272 940 1315 munera
961 1251 1058 1334 suria,

332 1334 450 1400 Caseus
473 1335 505 1398 01
524 1334 635 1398 niveae
655 1332 809 1400 candidus
831 1356 932 1418 agnus
955 1335 1049 1420 ovis)

289 1418 437 1502 ‘Inpiger
458 1417 582 1500 Aenea,
606 1417 768 1488 volitantis
790 1419 889 1482 frater
909 1419 1054 1501 Ameria,
1101 1465 1107 1468 -

241 1515 274 1563 40
330 1502 445 1566 Troica
466 1501 520 1586 qui
541 1501 686 1586 profugis
709 1524 799 1568 sacra
820 1502 909 1566 vehis
931 1504 1067 1586 10111110,

290 1585 359 1650 Iam
380 1585 441 1650 tibi
461 1584 636 1650 Laurentes
659 1587 808 1671 adsignat
828 1585 973 1670 Iuppiter
994 1609 1103 1672 agros,

332 1670 400 1734 Iam
422 1673 516 1734 vocat
538 1673 678 1736 errantes
700 1669 828 1754 hospita
848 1674 934 1734 terra
955 1670 1060 1736 Lares.

290 1752 361 1818 Illic
383 1757 511 1818 sanctus
534 1755 610 1836 eris,
635 1759 776 1838 0111110,
799 1755 993 1838 venerande,
1016 1755 1145 1822 Numici

121 1911 126 1926 Ι
334 1837 429 1902 Vnda
450 1838 544 1903 deum
567 1839 654 1902 caele
676 1839 799 1902 miserit
819 1838 1008 1923 Indigetem.

241 1921 371 1986 4111000
394 1944 488 2006 snper
508 1924 609 1987 fessas
631 1923 745 1987 volitat
764 1921 909 1987 Victoria
930 1925 1066 2008 puppes,

332 2007 474 2071 Tandem
497 2007 537 2071 ad
558 2006 714 2071 Troianos
736 2007 808 2072 diva
830 2008 966 2090 superba
987 2010 1083 2073 venit.

289 2089 373 2155 Ecce
395 2090 474 2154 mihi
497 2091 606 2154 lucent
626 2090 752 2154 Rutulis
775 2091 922 2155 incendia
944 2095 1071 2157 castris:

333 2175 401 2238 leun
423 2174 483 2237 tibi
504 2173 668 2257 praedico,
691 2174 823 2239 barbare
846 2175 966 2259 Turne,
988 2199 1109 2242 necem.

290 2258 377 2321 Ante
399 2257 506 2322 oculos
528 2255 670 2322 Laurens
693 2261 830 2324 castrum
854 2281 1024 2344 murusque
1045 2261 1193 2327 Lavinist

241 2353 276 2402 00
331 2341 477 2425 Albaque
499 2341 539 2406 ab
561 2342 701 2406 Ascanio
724 2343 853 2407 condita
874 2345 973 2429 longa
995 2345 1082 2411 duce.

290 2425 336 2489 Te
358 2447 482 2509 quoque
504 2425 568 2490 iam
591 2425 682 2490 video
689 2476 698 2509 ,
721 2426 817 2491 Marti
839 2428 995 2511 placitura
1015 2430 1163 2494 sacerdos

331 2508 407 2592 Ilia,
429 2508 574 2580 Vestales
599 2511 773 2576 deseruisse
794 2512 898 2595 focos,

292 2591 550 2676 Concubitusque
572 2597 644 2657 tuos
665 2593 776 2659 fintim
797 2596 953 2680 vittasque
975 2597 1114 2663 iacentes

332 2676 376 2742 Et
397 2677 504 2760 cupidi
525 2677 565 2740 ad
586 2678 671 2761 ripas
693 2701 782 2743 arma
803 2681 913 2745 relicta
935 2681 994 2746 dei.

100 2774 144 2904 L
203 2767 222 2914 p}
242 2773 274 2822 05
291 2759 420 2906 OaIrpite
441 2782 542 2856 nunc,
563 2763 659 2858 tauri,
683 2763 721 2828 de
744 2768 866 2861 septem
881 2766 1195 2864 montibusuherbas,
1324 2749 1325 2795 l

202 2880 206 2931 ¹·
364 2866 418 2908 um
439 2844 529 2909 lieet:
552 2844 605 2925 lnc
626 2869 762 2932 magnae
784 2870 848 2912 1am
870 2849 959 2914 locus
981 2851 1068 2916 urbis
1091 2857 1163 2920 0111.

290 2927 407 3012 Roma,
428 2931 519 2993 tuum
540 2951 658 2996 nomen
678 2933 772 2996 terris
794 2933 891 2998 fatale
913 2935 1076 3083 regendis,

333 3012 402 3088 Qua
423 3035 481 3078 sua
503 3013 541 3078 de
564 3015 649 3078 caelo
672 3017 828 3100 prospicit
849 3039 923 3082 arva
973 3041 1056 3102 eres,

291 3097 420 3181 Quaque
441 3101 554 3182 patent
575 3102 663 3162 ortus
685 3103 718 3164 et
739 3122 801 3184 qua
822 3101 1019 3168 fluitantibus
1041 3105 1138 3170 undis

241 3193 275 3243 6⁰
331 3181 414 3246 Solis
437 3183 623 3247 anhelantes
646 3183 747 3249 abluit
768 3187 870 3251 amnis
894 3209 1001 3270 equos.

290 3266 386 3330 Troia
407 3267 535 3348 quidem
555 3270 633 3332 tunc
655 3289 688 3332 se
709 3269 877 3334 mirabitur
899 3275 932 3335 et
953 3272 1014 3335 sibi
1037 3272 1123 3338 dicet

330 3350 398 3414 Vos
419 3351 500 3415 bene
521 3355 586 3416 tam
609 3351 707 3436 longa
729 3355 926 3420 consuluisse
948 3357 1007 3420 via.

289 3432 373 3499 Vera
395 3455 489 3498 cano:
513 3435 558 3498 010
580 3457 680 3520 usque
702 3459 807 3502 sacras
830 3439 961 3504 innoxie
982 3441 1090 3505 laurus

330 3516 463 3602 Vesear,
486 3522 519 3584 at
540 3522 703 3585 aeternum
724 3522 767 3586 sit
787 3523 867 3586 mihi
889 3523 1080 3608 uirginitas)
1318 3543 1321 3714 p
