2632 4140
465 253 678 324 PRAEFATIO.
970 269 1060 317 xum

88 443 199 485 sersus
209 423 388 484 vocabulum
403 426 438 482 ut
451 442 538 500 saepe
549 424 581 482 in
590 424 750 502 arohetypo
761 425 912 500 Propertii
927 444 963 485 ex
977 430 1061 502 perte

89 512 214 568 mutum
227 509 361 585 potuisse
376 507 510 584 legi.-
468 508 619 568 -Poter
637 508 685 568 hio
698 526 753 585 pro
768 509 839 570 Iora
853 530 874 568 u
874 510 981 569 iissre
998 506 1060 590 [11,

93 589 147 672 18]
165 611 219 670 pro
234 592 373 652 Plutone.

158 675 195 750 V,
212 677 241 749 4,
258 678 298 735 37
313 679 437 750 reportet
450 677 531 735 reete
515 676 677 736 eBroukh.

157 761 199 818 ib.
215 761 258 820 40
271 775 378 833 saevos,
394 759 491 831 foedos
504 759 580 820 bene
594 759 745 821 Heinsius.

158 844 201 902 ib.
216 845 257 901 42
277 861 357 912 eon,
377 844 471 903 immo
490 847 555 915 eui,·
577 845 614 904 ot.
632 847 686 919 10,
702 847 817 906 40.-
838 845 880 904 ib.
895 842 979 916 teoto,
993 850 1062 908 teoto

87 929 262 988 Fruterius.

157 1013 200 1072 ib.
216 1012 362 1072 55—68.
383 1008 466 1071 Haeo
479 1012 523 1072 ita
535 1013 729 1073 instauranda
743 1013 894 1074 existimo:
916 1017 944 1075 et
957 1019 1063 1076 eorostet

89 1095 151 1174 (sio
164 1097 266 1169 hospes
279 1094 363 1173 NG),
374 1099 497 1170 perimo
510 1101 544 1156 ot
559 1097 647 1156 Tatio
662 1096 704 1174 (N
718 1099 877 1172 pertemere
889 1101 953 1168 tro,
968 1097 996 1158 G
1004 1115 1062 1174 po·

91 1184 174 1240 steen
187 1185 208 1238 t.
223 1197 269 1248 ee,
284 1182 439 1253 partam
453 1183 506 1240 too
520 1177 565 1239 ad.
580 1180 690 1255 Pueeii,
707 1183 826 1255 potiore
845 1179 899 1243 tue
912 1180 1002 1260 Reg.)
1017 1201 1062 1243 re-

88 1268 170 1341 yina
183 1265 238 1323 sub
253 1263 333 1332 oete,
347 1265 376 1323 d.
391 1269 412 1322 t.
426 1283 457 1323 o.
473 1265 500 1323 te.
510 1281 561 1338 pr.
575 1263 613 1323 R.
628 1281 674 1336 o.;
688 1267 715 1325 et
728 1267 837 1336 minas,
852 1271 892 1336 ot,
906 1272 1011 1341 raptae
1024 1284 1062 1327 oe

91 1353 156 1409 soe
169 1350 282 1422 erpone
295 1347 433 1416 Saureae,
447 1365 492 1408 me
505 1365 577 1423 rope
590 1367 616 1407 e.
631 1368 661 1424 q.
677 1369 701 1409 s.
730 1350 810 1410 Ante
824 1371 853 1411 ι.
863 1351 903 1409 55
919 1351 1062 1411 excidisse

92 1436 191 1508 puto,-
205 1431 314 1508 quibus
335 1432 372 1490 de
385 1433 481 1508 pactis
497 1432 639 1510 Tarpeiae
655 1452 722 1492 eum
738 1434 825 1494 Tatio
840 1434 979 1494 ineundis
994 1453 1062 1512 age-

93 1521 191 1576 retur.
205 1549 247 1560 —
263 1514 377 1577 Constet
390 1516 471 1574 idem
485 1517 566 1592 quod
580 1515 740 1578 eoooerat'ot.

158 1601 200 1660 ib.
217 1602 257 1660 63
271 1605 313 1661 eet
326 1599 546 1661 Laetiohanues
560 1619 612 1678 pg.
626 1604 675 1675 17,
688 1607 714 1662 et
727 1621 756 1661 ι.

159 1685 201 1744 ib.
218 1687 258 1744 68
273 1701 304 1744 se
316 1685 407 1757 forits
419 1685 605 1745 Passeratius
620 1687 652 1744 et
664 1685 828 1760 Livineius,
843 1686 969 1759 nefariis
984 1685 1060 1746 eddi

92 1787 148 1830 eae
162 1769 253 1840 furiis
266 1767 399 1842 Iaoobus,
420 1787 510 1844 quem
530 1769 582 1844 qui
603 1770 696 1828 seouti
716 1772 795 1843 sunt,
817 1769 966 1829 debebant
978 1771 1062 1845 prius

92 1871 249 1929 quaerere,
264 1872 337 1912 num
351 1852 441 1928 Prop.
457 1855 593 1912 uteretur
606 1852 812 1911 interiectione
827 1853 895 1911 ista.

158 1939 201 1996 ib.
218 1938 257 1996 72
273 1935 440 2010 assessus,
456 1935 610 1996 ebseieoN.
623 1967 664 1977 --
679 1955 707 1996 ι.
715 1955 759 2012 sq.
766 1933 919 2011 PototieG,
927 1939 963 1996 ut
975 1939 1002 2011 l,
1014 1938 1061 1996 19.

158 2019 197 2094 ι,
215 2023 243 2094 e,
262 2021 300 2079 ιι
318 2025 351 2080 ee
365 2019 444 2094 Itali,
460 2026 486 2081 e
500 2019 571 2080 Ns.

159 2105 201 2164 ib.
220 2107 258 2163 19
268 2110 403 2179 pererrat
415 2105 541 2164 Iaeobus
543 2109 685 2179 ‚mouet
699 2103 764 2164 odd.

159 2189 202 2248 ib.
219 2189 260 2248 20
273 2190 391 2263 empto
405 2188 475 2248 Itsli
477 2190 586 2263 ,cutte
599 2187 672 2248 NG.

159 2273 200 2330 ib.
217 2271 256 2330 21
271 2273 490 2344 Dororoestmm
509 2273 688 2332 Doeoorum
700 2273 834 2348 Hertub,
855 2271 1063 2334 Dornaeooron

96 2355 177 2432 Vug
203 2374 254 2432 pg
272 2357 328 2431 14,
353 2317 547 2416 Ανσιῗιαιιιιιι
571 2356 736 2432 Bergkius,
757 2355 810 2417 sed
828 2357 879 2416 vix
898 2360 996 2431 recte3
1022 2357 1066 2415 of:

95 2440 198 2500 Nonui
213 2400 338 2516 Dionys.
353 2439 460 2513 xxvi,
478 2441 547 2500 183.
565 2439 635 2498 192.

160 2525 202 2582 ib.
220 2525 259 2583 29
274 2525 425 2584 stimme
438 2485 596 2599 Iieuptiue,
611 2523 752 2584 simulare
764 2523 909 2583 libri.—
927 2525 996 2584 ib.'
984 2541 1063 2584 erem

97 2607 249 2677 Heinsius,
262 2611 360 2668 etrum
372 2609 402 2667 N
409 2607 445 2667 G.

160 2693 201 2752 ib.
219 2692 259 2752 34
279 2693 372 2752 Isidis
385 2691 557 2766 Beroaldus,
578 2695 614 2750 ut
627 2692 699 2751 alibi
713 2693 863 2764 Peaeum
877 2693 981 2753 aderis
995 2691 1060 2751 edd.

161 2777 202 2834 ib.
219 2777 269 2834 36.
293 2776 404 2852 Scripsi
415 2776 505 2848 Mate,
520 2777 606 2836 melis
620 2775 691 2849 NG,
707 2779 795 2838 mette
808 2797 838 2838 ι.

160 2859 202 2919 ib.
215 2861 256 2920 60
269 2864 348 2920 aree
361 2855 399 2920 rie
412 2861 483 2933 qaid
493 2877 558 2919 ores
571 2861 638 2918 obet
651 2861 689 2919 eb
703 2878 752 2920 ore
766 2863 843 2931 ἀίει·
856 2861 900 2918 ite
914 2861 990 2934 odd,
1006 2879 1061 2920 neo

97 2943 266 3016 sollicitavi,
289 2963 467 3020 quamquam
486 2961 660 3020 persuasum
681 2946 727 3002 est
746 2943 936 3018 Propertium
956 2945 994 3002 ob
1015 2963 1061 3002 ra·

96 3028 195 3087 tiones
208 3028 348 3088 metricas
361 3029 462 3103 potius
476 3026 592 3087 dedisse
610 3045 676 3086 eree
689 3029 805 3101 mquid.

160 3112 202 3170 ib.
214 3113 255 3172 64
270 3129 337 3172 osse
350 3114 427 3171 ieter
436 3116 551 3180 terroe&
565 3110 608 3170 ita
622 3113 702 3170 oerte
717 3113 847 3169 matrum
862 3112 979 3169 constet
991 3109 1061 3168 huie

95 3196 207 3254 versui.
236 3195 315 3254 Nam
329 3195 394 3254 odd.
409 3195 521 3254 hebent
529 3211 585 3268 per
598 3201 697 3255 termes
711 3211 785 3254 osea.
814 3194 911 3252 Fuere
926 3194 978 3269 qui
993 3213 1060 3268 spu·

96 3279 177 3337 rium
191 3279 333 3339 dicerent.
354 3279 429 3338 Fert
416 3282 494 3338 tasse
505 3279 650 3354 quaedam
665 3280 733 3336 aute
747 3278 826 3396 hurso
839 3279 1061 3354 pentametrum

95 3363 279 3424 exciderunt

161 3447 201 3505 ib.
218 3449 256 3505 71
272 3446 394 3520 fuerent
407 3448 601 3521 Passeratius,
617 3447 737 3519 suerent
750 3467 780 3510 ι

161 3530 202 3590 ib.
215 3533 254 3591 77
270 3533 378 3594 medito
392 3532 468 3608 odd,
484 3532 590 3594 caedite
603 3531 766 3608 Livineius,
781 3532 881 3594 neseio
896 3551 935 3592 an
949 3529 1040 3588 reete.
