2636 4146
241 201 284 266 80
618 201 812 260 Peoesaru
1012 198 1017 204 ·
1134 203 1221 276 [xn.

304 369 351 433 At
371 388 463 432 mons
485 365 643 451 laurigero
665 385 837 431 concussus
860 365 977 429 vertiee
999 363 1084 428 diras

348 451 472 516 Gallica
492 449 651 514 Parnasus
674 450 790 534 sparsit
811 450 845 512 in
867 469 957 512 arma
977 449 1075 514 nives.

145 611 149 617 ¹
241 548 290 600 'st
305 536 350 601 Te
372 536 474 600 scelus
497 536 626 618 aeaepto
649 532 781 597 Thracis
802 532 1031 616 Polymestoris
1053 553 1131 598 auro

159 631 163 646 '
348 619 458 684 Nutrit
479 619 514 682 in
535 617 677 702 hospitio
698 638 780 700 non,
802 616 975 700 Polydoro,
1020 617 1061 681 io.

307 703 356 769 Tu
371 723 510 786 quoque,
526 704 563 765 ut
577 704 704 766 auratos
718 721 858 786 gereres,
874 639 1043 784 Eriphylh,
1058 701 1215 786 lacertos,

348 785 489 870 Dilapsis
510 788 699 869 nusquamst
718 784 931 868 Amphiaraus
954 785 1051 868 equisl

306 871 491 954 Proloquar,
503 873 597 966 atque
607 869 730 933 utinam
741 869 862 953 patriae
874 869 934 933 sim
948 890 1047 932 vanus
1055 872 1212 954 aruspex!

260 971 295 1020 oo
351 954 524 1039 Frangitur
544 975 614 1038 rpsa
636 954 701 1017 suis
722 952 825 1018 Roma
847 953 983 1036 superba
1003 953 1105 1018 bonis.

308 1037 404 1106 Certa
430 1038 557 1122 loquor,
586 1037 642 1102 sed
669 1037 759 1102 nulla
785 1036 878 1102 fides:
909 1057 1013 1184 nplque
1035 1037 1122 1100 enim
1144 1037 1214 1102 Ilia

872 1140 937 1185 uon
960 1142 1011 1184 am
1173 1158 1178 1168 ·

349 1205 456 1272 Verax
476 1205 521 1270 Pe
562 1206 660 1271 ameis
682 1205 814 1270 Maenas
835 1143 981 1270 hlabenda
1001 1205 1106 1269 malis.

309 1291 385 1358 Sola
405 1290 503 1355 Parin
523 1289 549 1354 P
610 1291 682 1375 giae
705 1290 808 1356 fatum
830 1309 1024 1374 conponere,
1047 1289 1118 1353 sola

350 1375 510 1439 Fallaeem
531 1375 653 1456 patriae
676 1394 801 1458 serpere
819 1373 904 1438 dixit
925 1393 1026 1456 aqum.

258 1473 292 1522 es
306 1457 365 1524 Ille
387 1457 476 1522 furor
496 1458 620 1540 patriae
641 1457 704 1522 fuit
724 1457 827 1540 utilis,
850 1457 905 1522 ille
926 1457 1067 1541 parenti:

349 1537 522 1626 Expertest
542 1561 634 1632 veros
655 1541 747 1605 irrita
769 1541 880 1628 lingua
901 1541 988 1606 deos.

377 1817 380 1826 A
608 1755 697 1828 xm
724 1751 869 1856 [amn.

309 1877 412 1945 Multa
432 1881 520 1962 tuae,
543 1877 671 1976 Sparte,
694 1878 846 1942 miramur
866 1877 937 1941 iura
956 1878 1152 1975 palaestrae,

352 1962 414 2028 Sed
434 1984 527 2047 mage
548 1963 684 2047 vugrnei
704 1965 755 2026 tot
775 1962 860 2027 bona
880 1962 1054 2046 gymnasu,

311 2045 403 2122 Quod
423 2045 491 2110 nou
511 2045 647 2110 infames
669 2048 794 2111 exeroet
815 2067 947 2130 corpore
968 2045 1059 2110 ludos

351 2129 440 2193 Inter
460 2129 617 2194 luctantes
638 2129 725 2194 nuda
745 2130 852 2214 puella
873 2129 973 2214 viros,

282 2212 396 2279 tOum
417 2213 484 2296 pila
505 2213 630 2277 veloces
652 2214 738 2278 fallit
758 2235 816 2298 per
836 2212 965 2278 brachia
986 2213 1103 2298 iaetus,

351 2296 502 2380 Increpat
523 2299 556 2361 et
577 2297 659 2361 versi
681 2297 778 2362 olavis
801 2297 924 2362 adrmoa
944 2297 1061 2380 trochi,

309 2379 594 2464 Pulveruleuteque
622 2381 662 2446 ad
683 2384 839 2446 extremas
861 2383 926 2446 atat
946 2381 1065 2446 femina
1087 2383 1213 2467 metas,

350 2464 396 2528 llt
415 2465 535 2548 patitur
556 2465 634 2529 duro
657 2465 785 2530 volnera
805 2465 986 2549 pancratio,

309 2547 404 2613 Nunc
432 2547 512 2632 ligat
538 2547 579 2612 ad
601 2552 743 2614 oaestum
764 2549 938 2633 gaudentia
960 2547 1092 2614 brachia
1113 2549 1214 2634 loris,

262 2645 294 2694 ιο
349 2630 473 2696 Missile
494 2653 579 2696 nune
601 2632 681 2696 disei
701 2633 826 2717 pondus
848 2633 884 2697 in
905 2633 982 2698 orbe
1002 2635 1102 2716 rotat,

310 2713 432 2798 Gyrum
452 2714 559 2798 pulsat
580 2717 683 2799 equis,
704 2717 833 2782 niveum
854 2717 937 2781 latus
960 2739 1035 2782 ense
1055 2717 1217 2802 revincit,

352 2797 604 2883 virgineumque
626 2821 703 2864 earo
725 2801 867 2886 protegit
888 2821 959 2865 aare
981 2804 1092 2884 eaput,

310 2881 418 2958 Qualis
440 2881 673 2948 Amazonidum
693 2884 821 2950 nudatis
843 2885 957 2950 bellica
977 2883 1126 2949 mammis

351 2965 648 3032 Thermodontiacis
668 2969 763 3032 turba
784 2969 908 3033 lavatur
929 2969 1036 3052 aquis,

262 3063 293 3111 15
307 3049 352 3116 Et
372 3051 468 3115 modo
490 3050 639 3136 Taygeti,
663 3053 765 3117 crines
787 3051 938 3136 adspersa
958 3053 1088 3136 pruina,

353 3132 498 3199 Seetatru
541 3134 638 3199 atrios
659 3157 717 3218 per
737 3135 814 3221 iuga
835 3137 936 3221 longa
958 3157 1066 3220 canes,

310 3216 419 3293 Qualis
441 3222 474 3284 et
523 3221 634 3283 urotae
656 3219 772 3283 Pollux
793 3222 825 3283 et
846 3219 959 3286 (laetor
980 3219 1125 3303 harenis,
1262 3287 1270 3300 ,

351 3299 415 3365 Hie
436 3303 539 3366 notor
559 3303 691 3387 pugnis,
715 3302 768 3366 ille
790 3303 915 3370 futurus
938 3303 1041 3388 equiS,

309 3383 398 3451 Inter
420 3405 499 3468 quos
521 3384 644 3450 Helene
664 3386 758 3451 nudis
781 3408 892 3471 capere
914 3409 1001 3452 arma
1022 3389 1156 3472 papillis

260 3479 294 3531 20
350 3467 463 3532 Fertur
483 3490 543 3533 nea
564 3469 677 3535 fratres
700 3469 860 3535 erubuisse
883 3471 970 3538 deos.
