2666 4138
208 219 251 286 40
443 275 452 306 ‚
616 221 760 280 TIBVIM
1032 287 1039 297 „
1096 225 1175 290 [ΠΗ.

609 363 614 374 .
1288 335 1325 382 *a

272 385 362 451 Artis
384 405 464 470 opus
485 405 590 468 rarae,
612 386 740 470 fulgens
761 384 920 450 testudine
942 388 975 450 et
996 406 1073 452 aare

314 470 478 535 Pendebat
498 470 588 534 laeva
609 469 737 554 garmla
757 473 848 554 parte
869 470 947 552 lyra.
1050 489 1052 493 ·

272 554 366 620 Hanc
387 554 525 638 primum
546 554 677 618 veniens
694 553 816 636 plectro
838 553 1018 620 modulatus
1041 553 1172 642 eburno,

222 651 257 702 40
312 637 435 704 Felices
456 640 568 702 centus
590 657 645 702 cre
666 640 801 702 sonante
823 635 923 702 dedit:

272 719 335 788 Sed
379 742 415 786 os
452 742 525 785 uam
546 721 674 786 fueraut
694 720 786 804 digiti
810 742 882 786 cum
902 742 979 788 voce
1000 721 1099 787 locuti

314 725 525 870 Ediditqhaee
547 804 632 870 dulci
653 805 758 870 tristia
778 805 880 903 verba·
894 805 999 870 modo.
1103 769 1114 806 '

273 887 399 972 'Salva
422 911 497 954 cura
518 887 626 954 deum:
649 891 736 953 cesto
749 911 833 978 ‘nem
854 891 915 954 nte
936 892 1048 974 poetae

313 972 524 1056 Phoebusque
547 976 580 1037 et
600 971 745 1038 Bacchus
766 973 970 1058 Pieridesque
990 973 1114 1039 favent:

222 1068 255 1120 45
271 1055 334 1122 Sed
355 1057 461 1141 proles
483 1055 620 1122 Semeles
641 1055 788 1121 Bacchus
810 1056 983 1142 decusque
1005 1077 1129 1122 sorores

314 1139 429 1206 Dicere
449 1161 518 1206 non
537 1143 671 1223 nerunt,
694 1140 770 1224 quid
790 1140 875 1205 ferat
894 1141 974 1206 hora
995 1159 1148 1225 sequens:

272 1225 319 1289 At
338 1223 419 1288 mihi
440 1225 580 1289 fetorum
601 1225 688 1308 leges
711 1224 842 1314 aevique
863 1225 962 1290 futuri
1040 1269 1045 1279 ·

314 1307 477 1372 Eventura
497 1311 588 1391 pater
608 1329 703 1404 posse
724 1307 830 1372 videre
852 1308 948 1373 dedit.

274 1391 377 1468 Quare
400 1411 460 1476 ego
483 1413 562 1475 quae
584 1391 654 1456 dico
676 1411 744 1456 non
764 1392 862 1456 fallax
883 1393 951 1458 ecci
974 1394 1118 1476 crates,

223 1487 257 1538 eo
315 1474 468 1558 Quodque
490 1475 566 1540 deus
588 1497 662 1540 vero
687 1475 844 1560 Cynthius
867 1497 921 1541 cre
942 1415 1051 1542 lteram.

273 1557 411 1622 Tantum
434 1577 506 1623 cara
527 1559 587 1623 tibi
593 1608 602 1642 ‚
626 1563 779 1643 quantum
800 1581 860 1624 nec
881 1560 947 1624 filie
967 1559 1076 1640 matri,

315 1641 477 1718 Quantum
498 1645 558 1707 nec
580 1643 695 1728 cupido
717 1644 802 1708 belle
821 1644 928 1728 puella
949 1645 1034 1726 viro,

272 1725 336 1792 Pro
359 1747 422 1810 qua
444 1727 597 1792 sollicitas
620 1727 768 1792 caelestia
788 1727 921 1792 numina
941 1728 1040 1810 votis,

316 1808 403 1886 Quae
424 1809 484 1876 tibi
505 1831 633 1876 securos
654 1831 722 1876 non
743 1811 821 1876 sinit
840 1812 887 1876 ire
909 1811 992 1894 dice,

223 1905 256 1957 ⁶5
271 1893 316 1959 Et
337 1915 409 1959 eum
430 1896 464 1960 te
485 1894 575 1960 fusco
598 1916 728 1960 somnus
749 1895 867 1960 velavit
888 1895 1028 1978 amictu,
1159 1976 1161 1980 .
1230 1923 1235 1930 ·
1296 1909 1330 1986 fi

315 1977 443 2043 Vanum
463 1978 629 2044 nocturnis
650 1979 735 2043 fallit
754 1978 963 2063 imaginibus,

274 2059 476 2128 Carminibus
498 2062 656 2127 celebrata
676 2063 741 2126 tuis
762 2063 904 2128 formose
923 2061 1048 2128 Neaera

315 2145 457 2210 Alterius
479 2146 600 2210 mavolt
621 2167 690 2210 esse
711 2146 820 2230 puella
840 2147 916 2230 viri,

269 2227 482 2312 Diversaeque
504 2249 577 2294 suas
599 2230 701 2314 agitat
721 2251 812 2294 mens
834 2230 922 2314 inpie
943 2250 1048 2315 curas,

224 2325 258 2374 eo
313 2311 383 2378 Nec
427 2311 523 2377 audet
543 2315 631 2378 casta
650 2316 751 2378 nuta
771 2313 895 2379 Neaera
916 2314 1020 2380 dome.

273 2397 319 2480 A,
342 2333 469 2462 crudele
490 2418 592 2483 genus
613 2419 673 2462 nec
694 2336 792 2462 idum
813 2397 934 2463 femina
954 2397 1086 2465 nomenl
1139 2383 1148 2458 l

1295 853 1327 906 d.

313 2481 359 2563 A,
380 2483 505 2564 pereat,
528 2480 640 2546 didicit
659 2481 770 2546 fallere
792 2481 883 2566 siqua
903 2483 1014 2548 virum.

1146 2461 1151 2496 l

149 2537 151 2542 λ
274 2561 314 2628 Se
356 2563 380 2626 fl
434 2564 441 2577 ’
559 2565 566 2578 ’
914 2566 944 2580 ’”
987 2567 994 2580 ’
1024 2567 1030 2580 ’
1149 2497 1154 2564 i

231 2601 249 2718 l
315 2563 964 2746 tererestereres
984 2567 1088 2734 lla

224 2742 257 2793 ss
275 2729 393 2796 Saevus
414 2730 516 2794 Amor
537 2730 646 2796 decmt
667 2732 773 2798 varios
793 2736 951 2818 temptare
975 2734 1117 2818 labores,

195 2745 201 2904 i
316 2813 435 2878 Saevus
456 2815 558 2880 Amor
580 2815 688 2884 docuit
709 2817 840 2882 verbera
860 2839 955 2902 posse
975 2819 1052 2902 pati.

273 2895 327 2962 Me
349 2897 509 2982 quondam
530 2898 661 2966 Admeti
682 2901 792 2966 niveas
837 2902 939 2967 avisse
960 2901 1111 2967 iuvencas

315 2979 392 3048 Non
413 2985 462 3048 est
482 2983 518 3048 in
538 3005 656 3050 vanum
676 2923 835 3050 fabulad

829 2988 881 3050 cta
901 2986 1021 3050 iocum:

273 3065 363 3132 Tunc
385 3088 446 3152 ego
467 3088 528 3132 nee
549 3067 672 3132 cithera
691 3071 836 3152 poteram
857 3069 995 3154 gaudere
1016 3089 1135 3134 sonora

224 3161 258 3213 το
314 3151 384 3218 Nec
406 3149 526 3216 similes
549 3150 675 3216 chordis
697 3152 828 3217 reddere
849 3174 927 3218 voce
950 3173 1062 3236 sonos,

275 3233 337 3300 Sed
358 3235 535 3320 perlucenti
557 3239 670 3300 cantus
691 3235 869 3302 meditabar
891 3257 992 3302 arena

316 3317 376 3384 Ille
398 3340 457 3404 ego
472 3319 620 3386 Latonae
642 3320 726 3385 filius
748 3323 842 3418 etque
864 3319 960 3385 Iovis.

273 3401 387 3469 Nescis
410 3402 486 3486 quid
507 3404 675 3489 sitarum,
698 3405 837 3487 iuvenis,
860 3405 888 3468 si
909 3404 993 3470 ferre
1014 3424 1146 3473 recuses

314 3483 466 3550 Inmitem
488 3485 650 3552 dominam
672 3489 918 3574 coniugiumque
939 3489 1051 3556 ferum.
