<?xml version="1.0" encoding="UTF-8"?>
<!DOCTYPE html PUBLIC "-//W3C//DTD XHTML 1.0 Transitional//EN"
    "http://www.w3.org/TR/xhtml1/DTD/xhtml1-transitional.dtd">
<html xmlns="http://www.w3.org/1999/xhtml" xml:lang="en" lang="en">
 <head>
  <title>
</title>
<meta http-equiv="Content-Type" content="text/html;charset=utf-8" />
  <meta name='ocr-system' content='tesseract 3.04.00' />
  <meta name='ocr-capabilities' content='ocr_page ocr_carea ocr_par ocr_line ocrx_word'/>
</head>
<body>
  <div class='ocr_page' id='page_1' title='image "./catullitibullip01catugoog_0284.png"; bbox 0 0 2666 4138; ppageno 0'>
   <div class='ocr_carea' id='block_1_1' title="bbox 434 449 1004 550">
    <p class='ocr_par' dir='ltr' id='par_1_1' title="bbox 434 449 1004 550">
     <span class='ocr_line' id='line_1_1' title="bbox 434 449 1004 550; baseline -0.004 0"><span class='ocrx_word' id='word_1_1' title='bbox 434 453 646 550; x_wconf 86' lang='lat' dir='ltr'><strong>ALBII</strong></span> <span class='ocrx_word' id='word_1_2' title='bbox 695 449 1004 548; x_wconf 79' lang='lat' dir='ltr'>TIBVLLI</span> 
     </span>
    </p>
   </div>
   <div class='ocr_carea' id='block_1_2' title="bbox 538 621 906 682">
    <p class='ocr_par' dir='ltr' id='par_1_2' title="bbox 538 621 906 682">
     <span class='ocr_line' id='line_1_2' title="bbox 538 621 906 682; baseline 0.003 -1"><span class='ocrx_word' id='word_1_3' title='bbox 538 623 659 682; x_wconf 82' lang='lat' dir='ltr'><strong>LIBER</strong></span> <span class='ocrx_word' id='word_1_4' title='bbox 687 621 906 682; x_wconf 82' lang='lat' dir='ltr'><strong>SECVNDVS.</strong></span> 
     </span>
    </p>
   </div>
   <div class='ocr_carea' id='block_1_3' title="bbox 704 821 733 896">
    <p class='ocr_par' dir='ltr' id='par_1_3' title="bbox 704 821 733 896">
     <span class='ocr_line' id='line_1_3' title="bbox 704 821 733 896; baseline 0.069 -2"><span class='ocrx_word' id='word_1_5' title='bbox 704 821 733 896; x_wconf 91' lang='lat' dir='ltr'>I.</span> 
     </span>
    </p>
   </div>
   <div class='ocr_carea' id='block_1_4' title="bbox 254 921 1210 3458">
    <p class='ocr_par' dir='ltr' id='par_1_4' title="bbox 304 921 1210 1105">
     <span class='ocr_line' id='line_1_4' title="bbox 304 921 1210 1023; baseline 0.003 -23"><span class='ocrx_word' id='word_1_6' title='bbox 304 921 463 1023; x_wconf 85' lang='lat' dir='ltr'><strong>Quisquis</strong></span> <span class='ocrx_word' id='word_1_7' title='bbox 486 937 584 1020; x_wconf 88' lang='lat' dir='ltr'>adest,</span> <span class='ocrx_word' id='word_1_8' title='bbox 606 937 724 1001; x_wconf 84' lang='lat' dir='ltr'>faveat:</span> <span class='ocrx_word' id='word_1_9' title='bbox 740 936 849 1020; x_wconf 83' lang='lat' dir='ltr'>fruges</span> <span class='ocrx_word' id='word_1_10' title='bbox 864 935 1035 1000; x_wconf 76' lang='lat' dir='ltr'><strong>lustramus</strong></span> <span class='ocrx_word' id='word_1_11' title='bbox 1051 938 1083 1000; x_wconf 87' lang='lat' dir='ltr'>et</span> <span class='ocrx_word' id='word_1_12' title='bbox 1097 957 1210 1023; x_wconf 83' lang='lat' dir='ltr'>agros,</span> 
     </span>
     <span class='ocr_line' id='line_1_5' title="bbox 346 1020 1018 1105; baseline -0.001 -19"><span class='ocrx_word' id='word_1_13' title='bbox 346 1022 439 1086; x_wconf 86' lang='lat' dir='ltr'>Ritus</span> <span class='ocrx_word' id='word_1_14' title='bbox 460 1024 497 1088; x_wconf 85' lang='lat' dir='ltr'>ut</span> <span class='ocrx_word' id='word_1_15' title='bbox 518 1043 537 1086; x_wconf 90' lang='lat' dir='ltr'>a</span> <span class='ocrx_word' id='word_1_16' title='bbox 557 1022 663 1105; x_wconf 89' lang='lat' dir='ltr'>prisco</span> <span class='ocrx_word' id='word_1_17' title='bbox 685 1020 820 1084; x_wconf 85' lang='lat' dir='ltr'>traditus</span> <span class='ocrx_word' id='word_1_18' title='bbox 842 1022 929 1084; x_wconf 86' lang='lat' dir='ltr'>extat</span> <span class='ocrx_word' id='word_1_19' title='bbox 950 1041 1018 1086; x_wconf 81' lang='lat' dir='ltr'>avo.</span> 
     </span>
    </p>

    <p class='ocr_par' dir='ltr' id='par_1_5' title="bbox 273 1103 1208 1441">
     <span class='ocr_line' id='line_1_6' title="bbox 303 1103 1120 1188; baseline -0.004 -18"><span class='ocrx_word' id='word_1_20' title='bbox 303 1103 444 1185; x_wconf 87' lang='lat' dir='ltr'>Bacche,</span> <span class='ocrx_word' id='word_1_21' title='bbox 467 1107 556 1188; x_wconf 85' lang='lat' dir='ltr'>veni,</span> <span class='ocrx_word' id='word_1_22' title='bbox 579 1105 741 1188; x_wconf 85' lang='lat' dir='ltr'>dulcisque</span> <span class='ocrx_word' id='word_1_23' title='bbox 762 1104 826 1168; x_wconf 89' lang='lat' dir='ltr'>tuis</span> <span class='ocrx_word' id='word_1_24' title='bbox 849 1125 866 1168; x_wconf 88' lang='lat' dir='ltr'>e</span> <span class='ocrx_word' id='word_1_25' title='bbox 889 1105 1036 1168; x_wconf 89' lang='lat' dir='ltr'>cornibus</span> <span class='ocrx_word' id='word_1_26' title='bbox 1058 1126 1120 1168; x_wconf 88' lang='lat' dir='ltr'>uva</span> 
     </span>
     <span class='ocr_line' id='line_1_7' title="bbox 347 1187 1114 1285; baseline -0.003 -33"><span class='ocrx_word' id='word_1_27' title='bbox 347 1189 504 1272; x_wconf 75' lang='lat' dir='ltr'>Pendeat,</span> <span class='ocrx_word' id='word_1_28' title='bbox 529 1193 561 1254; x_wconf 86' lang='lat' dir='ltr'>et</span> <span class='ocrx_word' id='word_1_29' title='bbox 583 1189 678 1285; x_wconf 88' lang='lat' dir='ltr'>spicis</span> <span class='ocrx_word' id='word_1_30' title='bbox 699 1190 844 1271; x_wconf 87' lang='lat' dir='ltr'>tempora</span> <span class='ocrx_word' id='word_1_31' title='bbox 867 1188 975 1272; x_wconf 86' lang='lat' dir='ltr'>cinge,</span> <span class='ocrx_word' id='word_1_32' title='bbox 999 1187 1114 1270; x_wconf 55' lang='lat' dir='ltr'>Ocres„</span> 
     </span>
     <span class='ocr_line' id='line_1_8' title="bbox 273 1271 1208 1358; baseline 0.002 -23"><span class='ocrx_word' id='word_1_33' title='bbox 273 1271 389 1337; x_wconf 75' lang='lat' dir='ltr'>tLuce</span> <span class='ocrx_word' id='word_1_34' title='bbox 411 1295 501 1337; x_wconf 86' lang='lat' dir='ltr'>sacra</span> <span class='ocrx_word' id='word_1_35' title='bbox 522 1275 699 1356; x_wconf 79' lang='lat' dir='ltr'>reqruescat</span> <span class='ocrx_word' id='word_1_36' title='bbox 719 1271 850 1355; x_wconf 87' lang='lat' dir='ltr'>humus,</span> <span class='ocrx_word' id='word_1_37' title='bbox 882 1273 1061 1355; x_wconf 87' lang='lat' dir='ltr'>requiescat</span> <span class='ocrx_word' id='word_1_38' title='bbox 1081 1276 1208 1358; x_wconf 85' lang='lat' dir='ltr'>arator,</span> 
     </span>
     <span class='ocr_line' id='line_1_9' title="bbox 345 1357 1069 1441; baseline 0 -21"><span class='ocrx_word' id='word_1_39' title='bbox 345 1357 390 1420; x_wconf 81' lang='lat' dir='ltr'>Et</span> <span class='ocrx_word' id='word_1_40' title='bbox 410 1378 507 1441; x_wconf 86' lang='lat' dir='ltr'>grave</span> <span class='ocrx_word' id='word_1_41' title='bbox 530 1377 684 1440; x_wconf 88' lang='lat' dir='ltr'>suspenso</span> <span class='ocrx_word' id='word_1_42' title='bbox 706 1377 832 1420; x_wconf 86' lang='lat' dir='ltr'>vomere</span> <span class='ocrx_word' id='word_1_43' title='bbox 856 1359 958 1420; x_wconf 78' lang='lat' dir='ltr'><strong>cesset</strong></span> <span class='ocrx_word' id='word_1_44' title='bbox 979 1377 1069 1440; x_wconf 91' lang='lat' dir='ltr'>opus.</span> 
     </span>
    </p>

    <p class='ocr_par' dir='ltr' id='par_1_6' title="bbox 254 1438 1207 3458">
     <span class='ocr_line' id='line_1_10' title="bbox 306 1438 1170 1525; baseline 0 -21"><span class='ocrx_word' id='word_1_45' title='bbox 306 1438 427 1504; x_wconf 78' lang='lat' dir='ltr'>Solvite</span> <span class='ocrx_word' id='word_1_46' title='bbox 448 1441 554 1504; x_wconf 87' lang='lat' dir='ltr'>vincla</span> <span class='ocrx_word' id='word_1_47' title='bbox 575 1440 674 1525; x_wconf 87' lang='lat' dir='ltr'>iugis:</span> <span class='ocrx_word' id='word_1_48' title='bbox 696 1461 783 1504; x_wconf 89' lang='lat' dir='ltr'>nunc</span> <span class='ocrx_word' id='word_1_49' title='bbox 805 1439 845 1503; x_wconf 93' lang='lat' dir='ltr'>ad</span> <span class='ocrx_word' id='word_1_50' title='bbox 866 1441 1032 1524; x_wconf 85' lang='lat' dir='ltr'>praesepia</span> <span class='ocrx_word' id='word_1_51' title='bbox 1053 1439 1170 1504; x_wconf 91' lang='lat' dir='ltr'>debent</span> 
     </span>
     <span class='ocr_line' id='line_1_11' title="bbox 345 1523 979 1607; baseline 0 -19"><span class='ocrx_word' id='word_1_52' title='bbox 345 1523 446 1588; x_wconf 89' lang='lat' dir='ltr'>Plena</span> <span class='ocrx_word' id='word_1_53' title='bbox 468 1527 620 1588; x_wconf 89' lang='lat' dir='ltr'>coronato</span> <span class='ocrx_word' id='word_1_54' title='bbox 643 1527 726 1588; x_wconf 87' lang='lat' dir='ltr'>stare</span> <span class='ocrx_word' id='word_1_55' title='bbox 748 1524 845 1588; x_wconf 83' lang='lat' dir='ltr'>boves</span> <span class='ocrx_word' id='word_1_56' title='bbox 868 1524 979 1607; x_wconf 90' lang='lat' dir='ltr'>capite.</span> 
     </span>
     <span class='ocr_line' id='line_1_12' title="bbox 304 1607 1065 1692; baseline 0 -20"><span class='ocrx_word' id='word_1_57' title='bbox 304 1607 420 1672; x_wconf 84' lang='lat' dir='ltr'>Omnia</span> <span class='ocrx_word' id='word_1_58' title='bbox 442 1607 507 1672; x_wconf 90' lang='lat' dir='ltr'>sint</span> <span class='ocrx_word' id='word_1_59' title='bbox 529 1611 659 1692; x_wconf 89' lang='lat' dir='ltr'>operata</span> <span class='ocrx_word' id='word_1_60' title='bbox 681 1608 755 1672; x_wconf 88' lang='lat' dir='ltr'>deo:</span> <span class='ocrx_word' id='word_1_61' title='bbox 776 1628 843 1672; x_wconf 89' lang='lat' dir='ltr'>non</span> <span class='ocrx_word' id='word_1_62' title='bbox 865 1608 979 1672; x_wconf 85' lang='lat' dir='ltr'>audeat</span> <span class='ocrx_word' id='word_1_63' title='bbox 999 1609 1065 1672; x_wconf 85' lang='lat' dir='ltr'>ulla</span> 
     </span>
     <span class='ocr_line' id='line_1_13' title="bbox 257 1691 1009 1776; baseline 0.004 -23"><span class='ocrx_word' id='word_1_64' title='bbox 257 1704 289 1753; x_wconf 89' lang='lat'>10</span> <span class='ocrx_word' id='word_1_65' title='bbox 344 1691 518 1756; x_wconf 86' lang='lat' dir='ltr'>Lanificam</span> <span class='ocrx_word' id='word_1_66' title='bbox 539 1693 648 1776; x_wconf 88' lang='lat' dir='ltr'>pensis</span> <span class='ocrx_word' id='word_1_67' title='bbox 669 1693 849 1775; x_wconf 78' lang='lat' dir='ltr'>inposuisse</span> <span class='ocrx_word' id='word_1_68' title='bbox 871 1714 1009 1756; x_wconf 88' lang='lat' dir='ltr'>manum.</span> 
     </span>
     <span class='ocr_line' id='line_1_14' title="bbox 303 1774 1207 1864; baseline 0.004 -26"><span class='ocrx_word' id='word_1_69' title='bbox 303 1774 374 1850; x_wconf 86' lang='lat' dir='ltr'>Vos</span> <span class='ocrx_word' id='word_1_70' title='bbox 387 1797 511 1860; x_wconf 89' lang='lat' dir='ltr'>quoque</span> <span class='ocrx_word' id='word_1_71' title='bbox 527 1777 637 1842; x_wconf 88' lang='lat' dir='ltr'>abesse</span> <span class='ocrx_word' id='word_1_72' title='bbox 652 1777 764 1860; x_wconf 91' lang='lat' dir='ltr'>procul</span> <span class='ocrx_word' id='word_1_73' title='bbox 779 1777 887 1858; x_wconf 88' lang='lat' dir='ltr'>iubeo,</span> <span class='ocrx_word' id='word_1_74' title='bbox 911 1776 1052 1841; x_wconf 88' lang='lat' dir='ltr'>discedat</span> <span class='ocrx_word' id='word_1_75' title='bbox 1068 1777 1108 1841; x_wconf 88' lang='lat' dir='ltr'>ab</span> <span class='ocrx_word' id='word_1_76' title='bbox 1123 1778 1187 1842; x_wconf 84' lang='lat' dir='ltr'>aris</span> <span class='ocrx_word' id='word_1_77' title='bbox 1196 1829 1207 1864; x_wconf 88' lang='lat'><em>,</em></span> 
     </span>
     <span class='ocr_line' id='line_1_15' title="bbox 347 1859 1066 1946; baseline 0.003 -22"><span class='ocrx_word' id='word_1_78' title='bbox 347 1859 408 1924; x_wconf 81' lang='lat' dir='ltr'>Cui</span> <span class='ocrx_word' id='word_1_79' title='bbox 428 1861 503 1924; x_wconf 88' lang='lat' dir='ltr'>tulit</span> <span class='ocrx_word' id='word_1_80' title='bbox 524 1859 674 1926; x_wconf 86' lang='lat' dir='ltr'>hesterna</span> <span class='ocrx_word' id='word_1_81' title='bbox 694 1861 811 1946; x_wconf 82' lang='lat' dir='ltr'>gaudia</span> <span class='ocrx_word' id='word_1_82' title='bbox 832 1864 926 1924; x_wconf 89' lang='lat' dir='ltr'>nocte</span> <span class='ocrx_word' id='word_1_83' title='bbox 949 1859 1066 1926; x_wconf 89' lang='lat' dir='ltr'>Venus.</span> 
     </span>
     <span class='ocr_line' id='line_1_16' title="bbox 305 1943 1143 2029; baseline 0 -19"><span class='ocrx_word' id='word_1_84' title='bbox 305 1943 401 2010; x_wconf 82' lang='lat' dir='ltr'>Casta</span> <span class='ocrx_word' id='word_1_85' title='bbox 422 1944 552 2028; x_wconf 76' lang='lat' dir='ltr'>placent</span> <span class='ocrx_word' id='word_1_86' title='bbox 573 1945 710 2029; x_wconf 88' lang='lat' dir='ltr'>superis:</span> <span class='ocrx_word' id='word_1_87' title='bbox 732 1967 813 2029; x_wconf 89' lang='lat' dir='ltr'>pura</span> <span class='ocrx_word' id='word_1_88' title='bbox 835 1945 907 2009; x_wconf 87' lang='lat' dir='ltr'>curn</span> <span class='ocrx_word' id='word_1_89' title='bbox 927 1947 1015 2010; x_wconf 87' lang='lat' dir='ltr'>vesto</span> <span class='ocrx_word' id='word_1_90' title='bbox 1037 1945 1143 2010; x_wconf 84' lang='lat' dir='ltr'>venite</span> 
     </span>
     <span class='ocr_line' id='line_1_17' title="bbox 345 2028 1071 2112; baseline 0.003 -20"><span class='ocrx_word' id='word_1_91' title='bbox 345 2029 390 2092; x_wconf 80' lang='lat' dir='ltr'>Et</span> <span class='ocrx_word' id='word_1_92' title='bbox 410 2030 556 2094; x_wconf 90' lang='lat' dir='ltr'>manibus</span> <span class='ocrx_word' id='word_1_93' title='bbox 578 2029 667 2112; x_wconf 89' lang='lat' dir='ltr'>puris</span> <span class='ocrx_word' id='word_1_94' title='bbox 689 2029 804 2093; x_wconf 89' lang='lat' dir='ltr'>sumite</span> <span class='ocrx_word' id='word_1_95' title='bbox 825 2028 926 2093; x_wconf 89' lang='lat' dir='ltr'>fontis</span> <span class='ocrx_word' id='word_1_96' title='bbox 948 2051 1071 2112; x_wconf 88' lang='lat' dir='ltr'>aquam.</span> 
     </span>
     <span class='ocr_line' id='line_1_18' title="bbox 257 2110 1151 2198; baseline 0.004 -24"><span class='ocrx_word' id='word_1_97' title='bbox 257 2125 288 2194; x_wconf 70' lang='grc' dir='ltr'>16Ι</span> <span class='ocrx_word' id='word_1_98' title='bbox 304 2110 448 2195; x_wconf 67' lang='lat' dir='ltr'>cernite,</span> <span class='ocrx_word' id='word_1_99' title='bbox 470 2114 630 2198; x_wconf 71' lang='lat' dir='ltr'>fulgentes</span> <span class='ocrx_word' id='word_1_100' title='bbox 651 2115 688 2177; x_wconf 89' lang='lat' dir='ltr'>ut</span> <span class='ocrx_word' id='word_1_101' title='bbox 709 2115 762 2177; x_wconf 90' lang='lat' dir='ltr'>eat</span> <span class='ocrx_word' id='word_1_102' title='bbox 783 2134 871 2177; x_wconf 89' lang='lat' dir='ltr'>sacer</span> <span class='ocrx_word' id='word_1_103' title='bbox 893 2132 1003 2198; x_wconf 85' lang='lat' dir='ltr'>agnus·</span> <span class='ocrx_word' id='word_1_104' title='bbox 1018 2113 1058 2177; x_wconf 85' lang='lat' dir='ltr'>ad</span> <span class='ocrx_word' id='word_1_105' title='bbox 1080 2133 1151 2178; x_wconf 85' lang='lat' dir='ltr'>aras</span> 
     </span>
     <span class='ocr_line' id='line_1_19' title="bbox 345 2195 1117 2280; baseline 0 -20"><span class='ocrx_word' id='word_1_106' title='bbox 345 2195 523 2280; x_wconf 89' lang='lat' dir='ltr'>Vinctaque</span> <span class='ocrx_word' id='word_1_107' title='bbox 545 2200 619 2280; x_wconf 88' lang='lat' dir='ltr'>post</span> <span class='ocrx_word' id='word_1_108' title='bbox 640 2197 711 2261; x_wconf 89' lang='lat' dir='ltr'>olea</span> <span class='ocrx_word' id='word_1_109' title='bbox 732 2197 867 2261; x_wconf 89' lang='lat' dir='ltr'>candida</span> <span class='ocrx_word' id='word_1_110' title='bbox 887 2197 980 2262; x_wconf 87' lang='lat' dir='ltr'>turba</span> <span class='ocrx_word' id='word_1_111' title='bbox 1001 2218 1117 2262; x_wconf 83' lang='lat' dir='ltr'>comas.</span> 
     </span>
     <span class='ocr_line' id='line_1_20' title="bbox 303 2278 1185 2366; baseline 0.006 -24"><span class='ocrx_word' id='word_1_112' title='bbox 303 2278 344 2343; x_wconf 91' lang='lat' dir='ltr'>Di</span> <span class='ocrx_word' id='word_1_113' title='bbox 367 2281 479 2363; x_wconf 88' lang='lat' dir='ltr'>patrii,</span> <span class='ocrx_word' id='word_1_114' title='bbox 501 2303 676 2366; x_wconf 84' lang='lat' dir='ltr'>purgamus</span> <span class='ocrx_word' id='word_1_115' title='bbox 699 2302 808 2365; x_wconf 82' lang='lat' dir='ltr'>agros,</span> <span class='ocrx_word' id='word_1_116' title='bbox 831 2303 1003 2366; x_wconf 84' lang='lat' dir='ltr'>purgamus</span> <span class='ocrx_word' id='word_1_117' title='bbox 1025 2284 1185 2366; x_wconf 78' lang='lat' dir='ltr'>agrestes:</span> 
     </span>
     <span class='ocr_line' id='line_1_21' title="bbox 346 2363 1041 2449; baseline 0.001 -20"><span class='ocrx_word' id='word_1_118' title='bbox 346 2363 412 2429; x_wconf 88' lang='lat' dir='ltr'>Vos</span> <span class='ocrx_word' id='word_1_119' title='bbox 434 2365 519 2430; x_wconf 88' lang='lat' dir='ltr'>mala</span> <span class='ocrx_word' id='word_1_120' title='bbox 540 2366 579 2430; x_wconf 90' lang='lat' dir='ltr'>de</span> <span class='ocrx_word' id='word_1_121' title='bbox 599 2366 718 2430; x_wconf 91' lang='lat' dir='ltr'>nostris</span> <span class='ocrx_word' id='word_1_122' title='bbox 739 2365 849 2449; x_wconf 79' lang='lat' dir='ltr'>pellite</span> <span class='ocrx_word' id='word_1_123' title='bbox 870 2365 1041 2448; x_wconf 83' lang='lat' dir='ltr'>limitibus,</span> 
     </span>
     <span class='ocr_line' id='line_1_22' title="bbox 303 2447 1108 2533; baseline 0 -20"><span class='ocrx_word' id='word_1_124' title='bbox 303 2447 375 2513; x_wconf 88' lang='lat' dir='ltr'>Neu</span> <span class='ocrx_word' id='word_1_125' title='bbox 397 2469 489 2533; x_wconf 83' lang='lat' dir='ltr'>seges</span> <span class='ocrx_word' id='word_1_126' title='bbox 511 2450 618 2514; x_wconf 89' lang='lat' dir='ltr'>eludat</span> <span class='ocrx_word' id='word_1_127' title='bbox 639 2471 775 2514; x_wconf 85' lang='lat' dir='ltr'>messem</span> <span class='ocrx_word' id='word_1_128' title='bbox 797 2449 962 2514; x_wconf 78' lang='lat' dir='ltr'>fallacibus</span> <span class='ocrx_word' id='word_1_129' title='bbox 984 2449 1108 2532; x_wconf 87' lang='lat' dir='ltr'>herbis,</span> 
     </span>
     <span class='ocr_line' id='line_1_23' title="bbox 255 2531 1061 2618; baseline 0.004 -23"><span class='ocrx_word' id='word_1_130' title='bbox 255 2544 289 2595; x_wconf 74' lang='lat'>20</span> <span class='ocrx_word' id='word_1_131' title='bbox 346 2531 418 2597; x_wconf 91' lang='lat' dir='ltr'>Neu</span> <span class='ocrx_word' id='word_1_132' title='bbox 439 2535 552 2598; x_wconf 89' lang='lat' dir='ltr'>timeat</span> <span class='ocrx_word' id='word_1_133' title='bbox 573 2534 690 2598; x_wconf 83' lang='lat' dir='ltr'>celeres</span> <span class='ocrx_word' id='word_1_134' title='bbox 711 2533 832 2597; x_wconf 84' lang='lat' dir='ltr'>tardior</span> <span class='ocrx_word' id='word_1_135' title='bbox 854 2555 938 2618; x_wconf 82' lang='lat' dir='ltr'>agna</span> <span class='ocrx_word' id='word_1_136' title='bbox 960 2533 1061 2616; x_wconf 87' lang='lat' dir='ltr'>lupos.</span> 
     </span>
     <span class='ocr_line' id='line_1_24' title="bbox 304 2615 1088 2704; baseline 0.003 -24"><span class='ocrx_word' id='word_1_137' title='bbox 304 2615 393 2680; x_wconf 78' lang='lat' dir='ltr'>Tunc</span> <span class='ocrx_word' id='word_1_138' title='bbox 415 2617 535 2681; x_wconf 91' lang='lat' dir='ltr'>nitidus</span> <span class='ocrx_word' id='word_1_139' title='bbox 558 2617 661 2700; x_wconf 91' lang='lat' dir='ltr'>plenis</span> <span class='ocrx_word' id='word_1_140' title='bbox 684 2617 821 2682; x_wconf 88' lang='lat' dir='ltr'>confisus</span> <span class='ocrx_word' id='word_1_141' title='bbox 842 2618 980 2682; x_wconf 89' lang='lat' dir='ltr'>rusticus</span> <span class='ocrx_word' id='word_1_142' title='bbox 1002 2617 1088 2704; x_wconf 83' lang='lat' dir='ltr'>agris</span> 
     </span>
     <span class='ocr_line' id='line_1_25' title="bbox 345 2699 1000 2786; baseline 0.003 -22"><span class='ocrx_word' id='word_1_143' title='bbox 345 2699 476 2784; x_wconf 83' lang='lat' dir='ltr'>Ingeret</span> <span class='ocrx_word' id='word_1_144' title='bbox 498 2699 623 2764; x_wconf 87' lang='lat' dir='ltr'>ardenti</span> <span class='ocrx_word' id='word_1_145' title='bbox 644 2701 780 2786; x_wconf 79' lang='lat' dir='ltr'>grandia</span> <span class='ocrx_word' id='word_1_146' title='bbox 801 2702 890 2786; x_wconf 85' lang='lat' dir='ltr'>ligna</span> <span class='ocrx_word' id='word_1_147' title='bbox 911 2702 1000 2784; x_wconf 80' lang='lat' dir='ltr'>socc,</span> 
     </span>
     <span class='ocr_line' id='line_1_26' title="bbox 304 2781 1163 2884; baseline 0.005 -38"><span class='ocrx_word' id='word_1_148' title='bbox 304 2781 471 2866; x_wconf 79' lang='lat' dir='ltr'>Turbaque</span> <span class='ocrx_word' id='word_1_149' title='bbox 493 2805 660 2850; x_wconf 87' lang='lat' dir='ltr'>vernarum</span> <span class='ocrx_word' id='word_1_150' title='bbox 660 2835 676 2884; x_wconf 43' lang='grc' dir='ltr'><em>Ι</em></span> <span class='ocrx_word' id='word_1_151' title='bbox 699 2785 798 2850; x_wconf 85' lang='lat' dir='ltr'>saturi</span> <span class='ocrx_word' id='word_1_152' title='bbox 819 2786 904 2850; x_wconf 89' lang='lat' dir='ltr'>bona</span> <span class='ocrx_word' id='word_1_153' title='bbox 926 2786 1019 2870; x_wconf 84' lang='lat' dir='ltr'>signa</span> <span class='ocrx_word' id='word_1_154' title='bbox 1040 2785 1163 2869; x_wconf 86' lang='lat' dir='ltr'>coloni,</span> 
     </span>
     <span class='ocr_line' id='line_1_27' title="bbox 346 2866 1050 2955; baseline 0.006 -25"><span class='ocrx_word' id='word_1_155' title='bbox 346 2866 448 2932; x_wconf 88' lang='lat' dir='ltr'>Ludet</span> <span class='ocrx_word' id='word_1_156' title='bbox 469 2871 502 2933; x_wconf 90' lang='lat' dir='ltr'>et</span> <span class='ocrx_word' id='word_1_157' title='bbox 523 2891 561 2933; x_wconf 86' lang='lat' dir='ltr'>ex</span> <span class='ocrx_word' id='word_1_158' title='bbox 587 2869 685 2955; x_wconf 82' lang='lat' dir='ltr'>virgis</span> <span class='ocrx_word' id='word_1_159' title='bbox 710 2871 834 2935; x_wconf 86' lang='lat' dir='ltr'>extruet</span> <span class='ocrx_word' id='word_1_160' title='bbox 855 2872 929 2934; x_wconf 85' lang='lat' dir='ltr'>ante</span> <span class='ocrx_word' id='word_1_161' title='bbox 951 2891 1050 2935; x_wconf 88' lang='lat' dir='ltr'>casas.</span> 
     </span>
     <span class='ocr_line' id='line_1_28' title="bbox 254 2949 1055 3036; baseline 0.005 -22"><span class='ocrx_word' id='word_1_162' title='bbox 254 2965 287 3014; x_wconf 78' lang='lat'>25</span> <span class='ocrx_word' id='word_1_163' title='bbox 301 2949 464 3016; x_wconf 86' lang='lat' dir='ltr'>Eventura</span> <span class='ocrx_word' id='word_1_164' title='bbox 484 2975 612 3036; x_wconf 86' lang='lat' dir='ltr'>precor:</span> <span class='ocrx_word' id='word_1_165' title='bbox 634 2954 729 3018; x_wconf 82' lang='lat' dir='ltr'>viden</span> <span class='ocrx_word' id='word_1_166' title='bbox 750 2957 787 3017; x_wconf 84' lang='lat' dir='ltr'>ut</span> <span class='ocrx_word' id='word_1_167' title='bbox 807 2953 953 3018; x_wconf 87' lang='lat' dir='ltr'>felicibus</span> <span class='ocrx_word' id='word_1_168' title='bbox 975 2954 1055 3018; x_wconf 84' lang='lat' dir='ltr'>extis</span> 
     </span>
     <span class='ocr_line' id='line_1_29' title="bbox 347 3035 1035 3122; baseline 0 -21"><span class='ocrx_word' id='word_1_169' title='bbox 347 3035 513 3122; x_wconf 77' lang='lat' dir='ltr'>Significat</span> <span class='ocrx_word' id='word_1_170' title='bbox 534 3038 676 3121; x_wconf 90' lang='lat' dir='ltr'>placidos</span> <span class='ocrx_word' id='word_1_171' title='bbox 698 3037 812 3101; x_wconf 86' lang='lat' dir='ltr'>nuntia</span> <span class='ocrx_word' id='word_1_172' title='bbox 833 3038 914 3102; x_wconf 89' lang='lat' dir='ltr'>fibra</span> <span class='ocrx_word' id='word_1_173' title='bbox 937 3037 1035 3103; x_wconf 86' lang='lat' dir='ltr'>deos‘?</span> 
     </span>
     <span class='ocr_line' id='line_1_30' title="bbox 303 3119 1138 3206; baseline -0.001 -19"><span class='ocrx_word' id='word_1_174' title='bbox 303 3119 399 3187; x_wconf 88' lang='lat' dir='ltr'>Nunc</span> <span class='ocrx_word' id='word_1_175' title='bbox 420 3121 500 3199; x_wconf 76' lang='lat' dir='ltr'>mihi</span> <span class='ocrx_word' id='word_1_176' title='bbox 521 3121 665 3186; x_wconf 89' lang='lat' dir='ltr'>fumosos</span> <span class='ocrx_word' id='word_1_177' title='bbox 686 3123 801 3186; x_wconf 84' lang='lat' dir='ltr'>veteris</span> <span class='ocrx_word' id='word_1_178' title='bbox 823 3122 963 3206; x_wconf 87' lang='lat' dir='ltr'>proferte</span> <span class='ocrx_word' id='word_1_179' title='bbox 984 3121 1138 3186; x_wconf 84' lang='lat' dir='ltr'>Falernos</span> 
     </span>
     <span class='ocr_line' id='line_1_31' title="bbox 347 3203 1026 3272; baseline 0.001 -3"><span class='ocrx_word' id='word_1_180' title='bbox 347 3204 496 3270; x_wconf 77' lang='lat' dir='ltr'>Consulis</span> <span class='ocrx_word' id='word_1_181' title='bbox 518 3209 551 3270; x_wconf 88' lang='lat' dir='ltr'>et</span> <span class='ocrx_word' id='word_1_182' title='bbox 573 3203 654 3272; x_wconf 81' lang='lat' dir='ltr'>Chio</span> <span class='ocrx_word' id='word_1_183' title='bbox 677 3206 790 3272; x_wconf 86' lang='lat' dir='ltr'>solvite</span> <span class='ocrx_word' id='word_1_184' title='bbox 814 3206 917 3270; x_wconf 81' lang='lat' dir='ltr'>vincla</span> <span class='ocrx_word' id='word_1_185' title='bbox 939 3207 1026 3271; x_wconf 86' lang='lat' dir='ltr'>cado.</span> 
     </span>
     <span class='ocr_line' id='line_1_32' title="bbox 304 3285 1129 3356; baseline 0.006 -5"><span class='ocrx_word' id='word_1_186' title='bbox 304 3285 390 3352; x_wconf 81' lang='lat' dir='ltr'>Vina</span> <span class='ocrx_word' id='word_1_187' title='bbox 412 3289 495 3354; x_wconf 91' lang='lat' dir='ltr'>diem</span> <span class='ocrx_word' id='word_1_188' title='bbox 519 3290 695 3354; x_wconf 86' lang='lat' dir='ltr'>celebrent:</span> <span class='ocrx_word' id='word_1_189' title='bbox 717 3311 784 3354; x_wconf 90' lang='lat' dir='ltr'>non</span> <span class='ocrx_word' id='word_1_190' title='bbox 805 3291 888 3354; x_wconf 87' lang='lat' dir='ltr'>festa</span> <span class='ocrx_word' id='word_1_191' title='bbox 909 3291 980 3354; x_wconf 90' lang='lat' dir='ltr'>luce</span> <span class='ocrx_word' id='word_1_192' title='bbox 1002 3289 1129 3356; x_wconf 84' lang='lat' dir='ltr'>madere</span> 
     </span>
     <span class='ocr_line' id='line_1_33' title="bbox 257 3371 1095 3458; baseline 0.005 -25"><span class='ocrx_word' id='word_1_193' title='bbox 257 3383 291 3433; x_wconf 77' lang='lat' dir='ltr'>oo</span> <span class='ocrx_word' id='word_1_194' title='bbox 347 3371 408 3435; x_wconf 82' lang='lat' dir='ltr'>Est</span> <span class='ocrx_word' id='word_1_195' title='bbox 428 3374 541 3456; x_wconf 90' lang='lat' dir='ltr'>rubor,</span> <span class='ocrx_word' id='word_1_196' title='bbox 565 3376 706 3438; x_wconf 88' lang='lat' dir='ltr'>errantes</span> <span class='ocrx_word' id='word_1_197' title='bbox 728 3377 761 3437; x_wconf 89' lang='lat' dir='ltr'>et</span> <span class='ocrx_word' id='word_1_198' title='bbox 781 3375 864 3438; x_wconf 87' lang='lat' dir='ltr'>male</span> <span class='ocrx_word' id='word_1_199' title='bbox 885 3373 968 3439; x_wconf 84' lang='lat' dir='ltr'>ferre</span> <span class='ocrx_word' id='word_1_200' title='bbox 988 3374 1095 3458; x_wconf 89' lang='lat' dir='ltr'>pedes.</span> 
     </span>
    </p>
   </div>
   <div class='ocr_carea' id='block_1_5' title="bbox 305 3453 1221 3550">
    <p class='ocr_par' dir='ltr' id='par_1_7' title="bbox 305 3453 1221 3550">
     <span class='ocr_line' id='line_1_34' title="bbox 305 3453 1221 3550; baseline 0.009 -29"><span class='ocrx_word' id='word_1_201' title='bbox 305 3453 368 3521; x_wconf 80' lang='lat' dir='ltr'>Sed</span> <span class='ocrx_word' id='word_1_202' title='bbox 383 3455 481 3520; x_wconf 77' lang='lat' dir='ltr'>‘bene</span> <span class='ocrx_word' id='word_1_203' title='bbox 493 3455 694 3522; x_wconf 87' lang='lat' dir='ltr'>Messallam&#39;</span> <span class='ocrx_word' id='word_1_204' title='bbox 708 3479 766 3524; x_wconf 83' lang='lat' dir='ltr'>sua</span> <span class='ocrx_word' id='word_1_205' title='bbox 781 3459 913 3544; x_wconf 87' lang='lat' dir='ltr'>quisque</span> <span class='ocrx_word' id='word_1_206' title='bbox 928 3458 968 3523; x_wconf 87' lang='lat' dir='ltr'>ad</span> <span class='ocrx_word' id='word_1_207' title='bbox 982 3458 1098 3542; x_wconf 86' lang='lat' dir='ltr'>pocula</span> <span class='ocrx_word' id='word_1_208' title='bbox 1113 3458 1221 3550; x_wconf 85' lang='lat' dir='ltr'>dicat,</span> 
     </span>
    </p>
   </div>
   <div class='ocr_carea' id='block_1_6' title="bbox 1322 3625 1325 3774">
    <p class='ocr_par' dir='ltr' id='par_1_8' title="bbox 1322 3617 1325 3774">
     <span class='ocr_line' id='line_1_35' title="bbox 1322 3625 1325 3774; baseline 0 0"><span class='ocrx_word' id='word_1_209' title='bbox 1322 3625 1325 3774; x_wconf 87' lang='lat' dir='ltr'>l</span> 
     </span>
    </p>
   </div>
   <div class='ocr_carea' id='block_1_7' title="bbox 0 0 1338 4138">
    <p class='ocr_par' dir='ltr' id='par_1_9' title="bbox 0 0 1338 4138">
     <span class='ocr_line' id='line_1_36' title="bbox 0 0 1338 4138; baseline 0 2"><span class='ocrx_word' id='word_1_210' title='bbox 0 0 1338 4138; x_wconf 95' lang='lat' dir='ltr'> </span> 
     </span>
    </p>
   </div>
  </div>
 </body>
</html>
