<?xml version="1.0" encoding="UTF-8"?>
<!DOCTYPE html PUBLIC "-//W3C//DTD XHTML 1.0 Transitional//EN"
    "http://www.w3.org/TR/xhtml1/DTD/xhtml1-transitional.dtd">
<html xmlns="http://www.w3.org/1999/xhtml" xml:lang="en" lang="en">
 <head>
  <title>
</title>
<meta http-equiv="Content-Type" content="text/html;charset=utf-8" />
  <meta name='ocr-system' content='tesseract 3.04.00' />
  <meta name='ocr-capabilities' content='ocr_page ocr_carea ocr_par ocr_line ocrx_word'/>
</head>
<body>
  <div class='ocr_page' id='page_1' title='image "./catullitibullip01catugoog_0057.png"; bbox 0 0 2630 4110; ppageno 0'>
   <div class='ocr_carea' id='block_1_1' title="bbox 489 215 1076 284">
    <p class='ocr_par' dir='ltr' id='par_1_1' title="bbox 489 215 1076 284">
     <span class='ocr_line' id='line_1_1' title="bbox 489 215 1076 284; baseline 0.015 -9"><span class='ocrx_word' id='word_1_1' title='bbox 489 215 701 279; x_wconf 78' lang='lat' dir='ltr'><strong>PRAEFATIO.</strong></span> <span class='ocrx_word' id='word_1_2' title='bbox 1005 235 1076 284; x_wconf 63' lang='lat' dir='ltr'>xliv</span> 
     </span>
    </p>
   </div>
   <div class='ocr_carea' id='block_1_2' title="bbox 104 389 1079 3578">
    <p class='ocr_par' dir='ltr' id='par_1_2' title="bbox 188 389 983 549">
     <span class='ocr_line' id='line_1_2' title="bbox 188 389 983 466; baseline 0 -16"><span class='ocrx_word' id='word_1_3' title='bbox 188 389 278 450; x_wconf 88' lang='grc'><strong>1111116</strong></span> <span class='ocrx_word' id='word_1_4' title='bbox 292 390 369 448; x_wconf 88' lang='lat' dir='ltr'>baec</span> <span class='ocrx_word' id='word_1_5' title='bbox 384 408 501 465; x_wconf 87' lang='lat' dir='ltr'>quoque</span> <span class='ocrx_word' id='word_1_6' title='bbox 517 392 586 449; x_wconf 91' lang='lat' dir='ltr'>sunt</span> <span class='ocrx_word' id='word_1_7' title='bbox 600 390 694 448; x_wconf 88' lang='lat' dir='ltr'>divini</span> <span class='ocrx_word' id='word_1_8' title='bbox 707 389 856 450; x_wconf 85' lang='lat' dir='ltr'>elementa</span> <span class='ocrx_word' id='word_1_9' title='bbox 868 391 983 466; x_wconf 85' lang='lat' dir='ltr'>poetae.</span> 
     </span>
     <span class='ocr_line' id='line_1_3' title="bbox 234 473 824 549; baseline 0.002 -17"><span class='ocrx_word' id='word_1_10' title='bbox 234 474 346 532; x_wconf 83' lang='lat' dir='ltr'>Erudit</span> <span class='ocrx_word' id='word_1_11' title='bbox 362 491 400 532; x_wconf 89' lang='lat' dir='ltr'>en</span> <span class='ocrx_word' id='word_1_12' title='bbox 414 473 496 532; x_wconf 84' lang='lat' dir='ltr'>vario</span> <span class='ocrx_word' id='word_1_13' title='bbox 511 473 638 532; x_wconf 81' lang='lat' dir='ltr'><strong>carmine</strong></span> <span class='ocrx_word' id='word_1_14' title='bbox 655 473 798 549; x_wconf 80' lang='lat' dir='ltr'>Calliope.</span> <span class='ocrx_word' id='word_1_15' title='bbox 818 527 824 544; x_wconf 81' lang='grc'>,</span> 
     </span>
    </p>

    <p class='ocr_par' dir='ltr' id='par_1_3' title="bbox 104 557 1076 702">
     <span class='ocr_line' id='line_1_4' title="bbox 170 557 1076 635; baseline 0.004 -19"><span class='ocrx_word' id='word_1_16' title='bbox 170 557 256 616; x_wconf 88' lang='lat' dir='ltr'>Idem</span> <span class='ocrx_word' id='word_1_17' title='bbox 270 577 345 617; x_wconf 90' lang='lat' dir='ltr'>num</span> <span class='ocrx_word' id='word_1_18' title='bbox 361 558 473 634; x_wconf 83' lang='lat' dir='ltr'>epyllia</span> <span class='ocrx_word' id='word_1_19' title='bbox 487 560 518 616; x_wconf 91' lang='lat' dir='ltr'>et</span> <span class='ocrx_word' id='word_1_20' title='bbox 530 557 636 632; x_wconf 80' lang='lat' dir='ltr'>idyllia</span> <span class='ocrx_word' id='word_1_21' title='bbox 650 558 782 618; x_wconf 85' lang='lat' dir='ltr'>Maronis</span> <span class='ocrx_word' id='word_1_22' title='bbox 797 575 861 618; x_wconf 87' lang='lat' dir='ltr'>esse</span> <span class='ocrx_word' id='word_1_23' title='bbox 876 559 999 635; x_wconf 87' lang='lat' dir='ltr'>putarit,</span> <span class='ocrx_word' id='word_1_24' title='bbox 1014 579 1076 620; x_wconf 90' lang='lat' dir='ltr'>non</span> 
     </span>
     <span class='ocr_line' id='line_1_5' title="bbox 104 641 493 702; baseline -0.008 0"><span class='ocrx_word' id='word_1_25' title='bbox 104 644 168 702; x_wconf 87' lang='lat' dir='ltr'>iam</span> <span class='ocrx_word' id='word_1_26' title='bbox 181 643 255 701; x_wconf 90' lang='lat' dir='ltr'>licet</span> <span class='ocrx_word' id='word_1_27' title='bbox 270 645 350 702; x_wconf 86' lang='lat' dir='ltr'>certo</span> <span class='ocrx_word' id='word_1_28' title='bbox 367 641 493 700; x_wconf 87' lang='lat' dir='ltr'>definiri.</span> 
     </span>
    </p>

    <p class='ocr_par' dir='ltr' id='par_1_4' title="bbox 107 725 1078 1810">
     <span class='ocr_line' id='line_1_6' title="bbox 173 725 1074 804; baseline 0.002 -18"><span class='ocrx_word' id='word_1_29' title='bbox 173 725 316 786; x_wconf 84' lang='lat' dir='ltr'>Ceterum</span> <span class='ocrx_word' id='word_1_30' title='bbox 336 725 392 784; x_wconf 87' lang='lat' dir='ltr'>hac</span> <span class='ocrx_word' id='word_1_31' title='bbox 411 725 600 800; x_wconf 87' lang='lat' dir='ltr'>potissimum</span> <span class='ocrx_word' id='word_1_32' title='bbox 615 726 831 802; x_wconf 76' lang='lat' dir='ltr'>subscriptione</span> <span class='ocrx_word' id='word_1_33' title='bbox 848 725 963 803; x_wconf 89' lang='lat' dir='ltr'>decepti</span> <span class='ocrx_word' id='word_1_34' title='bbox 977 731 1074 804; x_wconf 90' lang='lat' dir='ltr'>poste-</span> 
     </span>
     <span class='ocr_line' id='line_1_7' title="bbox 108 809 1076 887; baseline 0.003 -18"><span class='ocrx_word' id='word_1_35' title='bbox 108 811 198 870; x_wconf 91' lang='lat' dir='ltr'>rioris</span> <span class='ocrx_word' id='word_1_36' title='bbox 213 811 358 886; x_wconf 89' lang='lat' dir='ltr'>temporis</span> <span class='ocrx_word' id='word_1_37' title='bbox 373 829 391 867; x_wconf 85' lang='lat' dir='ltr'>a</span> <span class='ocrx_word' id='word_1_38' title='bbox 404 809 494 868; x_wconf 86' lang='lat' dir='ltr'>tertio</span> <span class='ocrx_word' id='word_1_39' title='bbox 508 809 577 868; x_wconf 91' lang='lat' dir='ltr'>inde</span> <span class='ocrx_word' id='word_1_40' title='bbox 597 811 659 869; x_wconf 82' lang='lat' dir='ltr'>sive</span> <span class='ocrx_word' id='word_1_41' title='bbox 674 812 780 885; x_wconf 83' lang='lat' dir='ltr'>quarto</span> <span class='ocrx_word' id='word_1_42' title='bbox 799 827 873 869; x_wconf 84' lang='lat' dir='ltr'>saec.</span> <span class='ocrx_word' id='word_1_43' title='bbox 889 811 1076 887; x_wconf 86' lang='lat' dir='ltr'>grammatici</span> 
     </span>
     <span class='ocr_line' id='line_1_8' title="bbox 107 893 1075 970; baseline 0 -15"><span class='ocrx_word' id='word_1_44' title='bbox 107 895 251 955; x_wconf 84' lang='lat' dir='ltr'>videntur</span> <span class='ocrx_word' id='word_1_45' title='bbox 270 894 411 953; x_wconf 84' lang='lat' dir='ltr'>tribuisse</span> <span class='ocrx_word' id='word_1_46' title='bbox 430 896 525 953; x_wconf 87' lang='lat' dir='ltr'>totam</span> <span class='ocrx_word' id='word_1_47' title='bbox 540 893 679 970; x_wconf 85' lang='lat' dir='ltr'>syllogen</span> <span class='ocrx_word' id='word_1_48' title='bbox 692 893 837 970; x_wconf 87' lang='lat' dir='ltr'>Vergilio,</span> <span class='ocrx_word' id='word_1_49' title='bbox 857 893 1001 954; x_wconf 82' lang='lat' dir='ltr'>iuvenalis</span> <span class='ocrx_word' id='word_1_50' title='bbox 1017 897 1075 955; x_wconf 90' lang='lat' dir='ltr'>ior-</span> 
     </span>
     <span class='ocr_line' id='line_1_9' title="bbox 108 977 1076 1053; baseline 0.001 -15"><span class='ocrx_word' id='word_1_51' title='bbox 108 983 189 1038; x_wconf 83' lang='lat' dir='ltr'>tasse</span> <span class='ocrx_word' id='word_1_52' title='bbox 209 977 275 1037; x_wconf 90' lang='lat' dir='ltr'>ludi</span> <span class='ocrx_word' id='word_1_53' title='bbox 288 978 378 1036; x_wconf 89' lang='lat' dir='ltr'>titulo</span> <span class='ocrx_word' id='word_1_54' title='bbox 392 977 575 1053; x_wconf 77' lang='lat' dir='ltr'>inscriptam.</span> <span class='ocrx_word' id='word_1_55' title='bbox 607 978 685 1048; x_wconf 77' lang='lat' dir='ltr'>Quid</span> <span class='ocrx_word' id='word_1_56' title='bbox 699 977 779 1052; x_wconf 90' lang='lat' dir='ltr'>quod</span> <span class='ocrx_word' id='word_1_57' title='bbox 791 979 929 1038; x_wconf 90' lang='lat' dir='ltr'>nonnulli</span> <span class='ocrx_word' id='word_1_58' title='bbox 944 979 1076 1039; x_wconf 86' lang='lat' dir='ltr'>adiecere</span> 
     </span>
     <span class='ocr_line' id='line_1_10' title="bbox 108 1060 1076 1139; baseline 0.001 -17"><span class='ocrx_word' id='word_1_59' title='bbox 108 1064 256 1135; x_wconf 78' lang='lat' dir='ltr'><strong>Aetnam,</strong></span> <span class='ocrx_word' id='word_1_60' title='bbox 278 1062 357 1137; x_wconf 91' lang='lat' dir='ltr'>quod</span> <span class='ocrx_word' id='word_1_61' title='bbox 378 1080 445 1120; x_wconf 87' lang='lat' dir='ltr'>oum</span> <span class='ocrx_word' id='word_1_62' title='bbox 461 1060 579 1121; x_wconf 81' lang='lat' dir='ltr'>Claudii</span> <span class='ocrx_word' id='word_1_63' title='bbox 599 1061 719 1120; x_wconf 90' lang='lat' dir='ltr'>demum</span> <span class='ocrx_word' id='word_1_64' title='bbox 734 1064 786 1120; x_wconf 89' lang='lat' dir='ltr'>aut</span> <span class='ocrx_word' id='word_1_65' title='bbox 799 1061 927 1122; x_wconf 84' lang='lat' dir='ltr'>Neronis</span> <span class='ocrx_word' id='word_1_66' title='bbox 941 1065 1076 1139; x_wconf 86' lang='lat' dir='ltr'>tempore</span> 
     </span>
     <span class='ocr_line' id='line_1_11' title="bbox 108 1145 1078 1222; baseline 0.001 -17"><span class='ocrx_word' id='word_1_67' title='bbox 108 1147 299 1222; x_wconf 85' lang='lat' dir='ltr'>provenisset</span> <span class='ocrx_word' id='word_1_68' title='bbox 324 1164 456 1218; x_wconf 89' lang='lat' dir='ltr'>carmen,</span> <span class='ocrx_word' id='word_1_69' title='bbox 482 1145 578 1203; x_wconf 92' lang='lat' dir='ltr'>multo</span> <span class='ocrx_word' id='word_1_70' title='bbox 604 1145 695 1204; x_wconf 89' lang='lat' dir='ltr'>etiam</span> <span class='ocrx_word' id='word_1_71' title='bbox 721 1145 820 1204; x_wconf 88' lang='lat' dir='ltr'>minus</span> <span class='ocrx_word' id='word_1_72' title='bbox 846 1164 934 1220; x_wconf 87' lang='lat' dir='ltr'>quam</span> <span class='ocrx_word' id='word_1_73' title='bbox 962 1148 1078 1222; x_wconf 86' lang='lat' dir='ltr'>reliqua</span> 
     </span>
     <span class='ocr_line' id='line_1_12' title="bbox 110 1229 1078 1307; baseline 0.001 -17"><span class='ocrx_word' id='word_1_74' title='bbox 110 1231 264 1307; x_wconf 89' lang='lat' dir='ltr'>opuscula,</span> <span class='ocrx_word' id='word_1_75' title='bbox 279 1249 354 1306; x_wconf 84' lang='lat' dir='ltr'>quae</span> <span class='ocrx_word' id='word_1_76' title='bbox 365 1229 496 1305; x_wconf 84' lang='lat' dir='ltr'>Augusti</span> <span class='ocrx_word' id='word_1_77' title='bbox 511 1231 590 1288; x_wconf 87' lang='lat' dir='ltr'>certe</span> <span class='ocrx_word' id='word_1_78' title='bbox 605 1231 740 1304; x_wconf 89' lang='lat' dir='ltr'>tempore</span> <span class='ocrx_word' id='word_1_79' title='bbox 755 1231 826 1290; x_wconf 90' lang='lat' dir='ltr'>sunt</span> <span class='ocrx_word' id='word_1_80' title='bbox 843 1231 962 1306; x_wconf 87' lang='lat' dir='ltr'>scripta,</span> <span class='ocrx_word' id='word_1_81' title='bbox 978 1233 1078 1306; x_wconf 88' lang='lat' dir='ltr'>potuit</span> 
     </span>
     <span class='ocr_line' id='line_1_13' title="bbox 111 1312 1077 1389; baseline 0.001 -15"><span class='ocrx_word' id='word_1_82' title='bbox 111 1315 257 1374; x_wconf 79' lang='lat' dir='ltr'>Suetonio</span> <span class='ocrx_word' id='word_1_83' title='bbox 277 1314 373 1373; x_wconf 85' lang='lat' dir='ltr'>videri</span> <span class='ocrx_word' id='word_1_84' title='bbox 392 1313 608 1389; x_wconf 82' lang='lat' dir='ltr'>Vergilianum.</span> <span class='ocrx_word' id='word_1_85' title='bbox 650 1313 727 1384; x_wconf 83' lang='lat' dir='ltr'>Quid</span> <span class='ocrx_word' id='word_1_86' title='bbox 752 1312 854 1372; x_wconf 80' lang='lat' dir='ltr'>enim?</span> <span class='ocrx_word' id='word_1_87' title='bbox 883 1333 982 1374; x_wconf 91' lang='lat' dir='ltr'>nonne</span> <span class='ocrx_word' id='word_1_88' title='bbox 1008 1319 1077 1375; x_wconf 85' lang='lat' dir='ltr'>enm</span> 
     </span>
     <span class='ocr_line' id='line_1_14' title="bbox 110 1397 1076 1474; baseline -0.001 -15"><span class='ocrx_word' id='word_1_89' title='bbox 110 1399 297 1458; x_wconf 88' lang='lat' dir='ltr'>censebimus</span> <span class='ocrx_word' id='word_1_90' title='bbox 322 1398 354 1456; x_wconf 93' lang='lat' dir='ltr'>in</span> <span class='ocrx_word' id='word_1_91' title='bbox 376 1397 513 1473; x_wconf 89' lang='lat' dir='ltr'>operibus</span> <span class='ocrx_word' id='word_1_92' title='bbox 538 1397 717 1456; x_wconf 83' lang='lat' dir='ltr'>nobilissimi</span> <span class='ocrx_word' id='word_1_93' title='bbox 742 1400 847 1474; x_wconf 90' lang='lat' dir='ltr'>poetae</span> <span class='ocrx_word' id='word_1_94' title='bbox 876 1399 1076 1474; x_wconf 83' lang='lat' dir='ltr'>proponendis</span> 
     </span>
     <span class='ocr_line' id='line_1_15' title="bbox 109 1482 1076 1560; baseline 0.003 -20"><span class='ocrx_word' id='word_1_95' title='bbox 109 1483 375 1560; x_wconf 88' lang='lat' dir='ltr'>grammaticorum</span> <span class='ocrx_word' id='word_1_96' title='bbox 399 1482 468 1540; x_wconf 87' lang='lat' dir='ltr'>huic</span> <span class='ocrx_word' id='word_1_97' title='bbox 492 1483 660 1556; x_wconf 82' lang='lat' dir='ltr'>aequalium</span> <span class='ocrx_word' id='word_1_98' title='bbox 690 1482 862 1541; x_wconf 86' lang='lat' dir='ltr'>testimonia</span> <span class='ocrx_word' id='word_1_99' title='bbox 890 1484 1076 1558; x_wconf 82' lang='lat' dir='ltr'>respexisse?</span> 
     </span>
     <span class='ocr_line' id='line_1_16' title="bbox 110 1563 1076 1642; baseline 0.001 -16"><span class='ocrx_word' id='word_1_100' title='bbox 110 1568 139 1626; x_wconf 81' lang='lat' dir='ltr'>A</span> <span class='ocrx_word' id='word_1_101' title='bbox 154 1567 265 1642; x_wconf 88' lang='lat' dir='ltr'>quibus</span> <span class='ocrx_word' id='word_1_102' title='bbox 293 1584 331 1626; x_wconf 91' lang='lat' dir='ltr'>ne</span> <span class='ocrx_word' id='word_1_103' title='bbox 357 1563 457 1641; x_wconf 89' lang='lat' dir='ltr'>potuit</span> <span class='ocrx_word' id='word_1_104' title='bbox 478 1565 597 1640; x_wconf 90' lang='lat' dir='ltr'>quidem</span> <span class='ocrx_word' id='word_1_105' title='bbox 626 1567 689 1624; x_wconf 89' lang='lat' dir='ltr'>ulla</span> <span class='ocrx_word' id='word_1_106' title='bbox 713 1567 826 1626; x_wconf 85' lang='lat' dir='ltr'>mentio</span> <span class='ocrx_word' id='word_1_107' title='bbox 854 1565 970 1626; x_wconf 86' lang='lat' dir='ltr'>Aetnae</span> <span class='ocrx_word' id='word_1_108' title='bbox 995 1567 1076 1627; x_wconf 90' lang='lat' dir='ltr'>inici.</span> 
     </span>
     <span class='ocr_line' id='line_1_17' title="bbox 109 1649 1076 1728; baseline 0.001 -18"><span class='ocrx_word' id='word_1_109' title='bbox 109 1652 207 1710; x_wconf 88' lang='lat' dir='ltr'>Porro</span> <span class='ocrx_word' id='word_1_110' title='bbox 228 1653 348 1722; x_wconf 88' lang='lat' dir='ltr'>notum,</span> <span class='ocrx_word' id='word_1_111' title='bbox 365 1669 454 1726; x_wconf 88' lang='lat' dir='ltr'>quam</span> <span class='ocrx_word' id='word_1_112' title='bbox 470 1667 571 1709; x_wconf 87' lang='lat' dir='ltr'>severe</span> <span class='ocrx_word' id='word_1_113' title='bbox 585 1649 665 1708; x_wconf 91' lang='lat' dir='ltr'>idem</span> <span class='ocrx_word' id='word_1_114' title='bbox 681 1649 841 1710; x_wconf 74' lang='lat' dir='ltr'>Suetonius</span> <span class='ocrx_word' id='word_1_115' title='bbox 856 1650 893 1708; x_wconf 90' lang='lat' dir='ltr'>de</span> <span class='ocrx_word' id='word_1_116' title='bbox 908 1652 1001 1728; x_wconf 85' lang='lat' dir='ltr'>elegis</span> <span class='ocrx_word' id='word_1_117' title='bbox 1016 1653 1076 1728; x_wconf 86' lang='lat' dir='ltr'>epi-</span> 
     </span>
     <span class='ocr_line' id='line_1_18' title="bbox 111 1733 868 1810; baseline -0.004 -16"><span class='ocrx_word' id='word_1_118' title='bbox 111 1735 249 1809; x_wconf 86' lang='lat' dir='ltr'>stulaque</span> <span class='ocrx_word' id='word_1_119' title='bbox 264 1734 391 1810; x_wconf 89' lang='lat' dir='ltr'>quadam</span> <span class='ocrx_word' id='word_1_120' title='bbox 405 1733 530 1794; x_wconf 87' lang='lat' dir='ltr'>Horatio</span> <span class='ocrx_word' id='word_1_121' title='bbox 546 1734 707 1809; x_wconf 88' lang='lat' dir='ltr'>suppositis</span> <span class='ocrx_word' id='word_1_122' title='bbox 721 1734 868 1792; x_wconf 91' lang='lat' dir='ltr'>iudicarit.</span> 
     </span>
    </p>

    <p class='ocr_par' dir='ltr' id='par_1_5' title="bbox 111 1817 1078 2299">
     <span class='ocr_line' id='line_1_19' title="bbox 177 1817 1076 1893; baseline -0.001 -15"><span class='ocrx_word' id='word_1_123' title='bbox 177 1818 318 1878; x_wconf 79' lang='lat' dir='ltr'>Ceterum</span> <span class='ocrx_word' id='word_1_124' title='bbox 338 1837 375 1876; x_wconf 92' lang='lat' dir='ltr'>ne</span> <span class='ocrx_word' id='word_1_125' title='bbox 394 1817 506 1877; x_wconf 87' lang='lat' dir='ltr'>Donati</span> <span class='ocrx_word' id='word_1_126' title='bbox 525 1817 646 1893; x_wconf 89' lang='lat' dir='ltr'>quidem</span> <span class='ocrx_word' id='word_1_127' title='bbox 666 1820 801 1892; x_wconf 87' lang='lat' dir='ltr'>tempore</span> <span class='ocrx_word' id='word_1_128' title='bbox 816 1818 944 1876; x_wconf 76' lang='lat' dir='ltr'>defuisse</span> <span class='ocrx_word' id='word_1_129' title='bbox 958 1819 1010 1893; x_wconf 90' lang='lat' dir='ltr'>qui</span> <span class='ocrx_word' id='word_1_130' title='bbox 1025 1819 1076 1878; x_wconf 90' lang='lat' dir='ltr'>du-</span> 
     </span>
     <span class='ocr_line' id='line_1_20' title="bbox 111 1900 1077 1977; baseline 0.001 -15"><span class='ocrx_word' id='word_1_131' title='bbox 111 1903 245 1962; x_wconf 88' lang='lat' dir='ltr'>bitarent</span> <span class='ocrx_word' id='word_1_132' title='bbox 258 1921 331 1962; x_wconf 89' lang='lat' dir='ltr'>num</span> <span class='ocrx_word' id='word_1_133' title='bbox 346 1903 444 1960; x_wconf 88' lang='lat' dir='ltr'>Aetna</span> <span class='ocrx_word' id='word_1_134' title='bbox 459 1905 537 1961; x_wconf 91' lang='lat' dir='ltr'>esset</span> <span class='ocrx_word' id='word_1_135' title='bbox 551 1900 678 1977; x_wconf 81' lang='lat' dir='ltr'>Vergilii</span> <span class='ocrx_word' id='word_1_136' title='bbox 698 1903 744 1960; x_wconf 86' lang='grc'>661</span> <span class='ocrx_word' id='word_1_137' title='bbox 763 1903 886 1976; x_wconf 87' lang='lat' dir='ltr'>apparet</span> <span class='ocrx_word' id='word_1_138' title='bbox 900 1901 999 1960; x_wconf 87' lang='lat' dir='ltr'>verbis</span> <span class='ocrx_word' id='word_1_139' title='bbox 1014 1903 1077 1964; x_wconf 90' lang='lat' dir='ltr'>eius</span> 
     </span>
     <span class='ocr_line' id='line_1_21' title="bbox 111 1983 1077 2062; baseline 0.003 -17"><span class='ocrx_word' id='word_1_140' title='bbox 111 2006 188 2062; x_wconf 86' lang='lat' dir='ltr'>quae</span> <span class='ocrx_word' id='word_1_141' title='bbox 209 1990 280 2047; x_wconf 91' lang='lat' dir='ltr'>sunt</span> <span class='ocrx_word' id='word_1_142' title='bbox 299 1987 385 2044; x_wconf 88' lang='lat' dir='ltr'>haec:</span> <span class='ocrx_word' id='word_1_143' title='bbox 407 1987 521 2059; x_wconf 75' lang='lat' dir='ltr'>scripsit</span> <span class='ocrx_word' id='word_1_144' title='bbox 541 1987 628 2046; x_wconf 81' lang='lat' dir='ltr'>etiam</span> <span class='ocrx_word' id='word_1_145' title='bbox 648 1985 683 2043; x_wconf 83' lang='lat' dir='ltr'>dc</span> <span class='ocrx_word' id='word_1_146' title='bbox 697 2001 756 2057; x_wconf 77' lang='lat' dir='ltr'>quo</span> <span class='ocrx_word' id='word_1_147' title='bbox 770 1985 928 2060; x_wconf 72' lang='lat' dir='ltr'>ambigitur</span> <span class='ocrx_word' id='word_1_148' title='bbox 941 1983 1077 2048; x_wconf 77' lang='lat' dir='ltr'>Aetnam.</span> 
     </span>
     <span class='ocr_line' id='line_1_22' title="bbox 111 2069 1078 2147; baseline 0.001 -18"><span class='ocrx_word' id='word_1_149' title='bbox 111 2072 137 2129; x_wconf 85' lang='lat' dir='ltr'><strong>E</strong></span> <span class='ocrx_word' id='word_1_150' title='bbox 149 2072 257 2146; x_wconf 86' lang='lat' dir='ltr'>quibus</span> <span class='ocrx_word' id='word_1_151' title='bbox 269 2071 332 2130; x_wconf 90' lang='lat' dir='ltr'>sine</span> <span class='ocrx_word' id='word_1_152' title='bbox 344 2071 405 2128; x_wconf 90' lang='lat' dir='ltr'>ulla</span> <span class='ocrx_word' id='word_1_153' title='bbox 417 2088 504 2129; x_wconf 86' lang='lat' dir='ltr'>causa</span> <span class='ocrx_word' id='word_1_154' title='bbox 514 2087 569 2128; x_wconf 89' lang='lat' dir='ltr'>nec</span> <span class='ocrx_word' id='word_1_155' title='bbox 582 2069 716 2127; x_wconf 90' lang='lat' dir='ltr'>adiutum</span> <span class='ocrx_word' id='word_1_156' title='bbox 728 2069 908 2128; x_wconf 85' lang='lat' dir='ltr'>membranis</span> <span class='ocrx_word' id='word_1_157' title='bbox 919 2069 1078 2147; x_wconf 89' lang='lat' dir='ltr'>Hagenum</span> 
     </span>
     <span class='ocr_line' id='line_1_23' title="bbox 111 2154 1078 2231; baseline 0 -17"><span class='ocrx_word' id='word_1_158' title='bbox 111 2159 250 2216; x_wconf 85' lang='lat' dir='ltr'>nostrum</span> <span class='ocrx_word' id='word_1_159' title='bbox 268 2155 323 2213; x_wconf 91' lang='lat' dir='ltr'>illa</span> <span class='ocrx_word' id='word_1_160' title='bbox 344 2173 420 2230; x_wconf 86' lang='lat' dir='ltr'>quae</span> <span class='ocrx_word' id='word_1_161' title='bbox 436 2155 506 2214; x_wconf 89' lang='lat' dir='ltr'>sunt</span> <span class='ocrx_word' id='word_1_162' title='bbox 520 2155 553 2213; x_wconf 84' lang='lat' dir='ltr'>dc</span> <span class='ocrx_word' id='word_1_163' title='bbox 568 2172 627 2226; x_wconf 75' lang='grc'>666</span> <span class='ocrx_word' id='word_1_164' title='bbox 641 2154 800 2230; x_wconf 75' lang='lat' dir='ltr'>ambigitur</span> <span class='ocrx_word' id='word_1_165' title='bbox 813 2154 967 2214; x_wconf 87' lang='lat' dir='ltr'>seclusisse</span> <span class='ocrx_word' id='word_1_166' title='bbox 982 2175 1078 2231; x_wconf 89' lang='lat' dir='ltr'>nuper</span> 
     </span>
     <span class='ocr_line' id='line_1_24' title="bbox 111 2258 225 2299; baseline -0.018 -1"><span class='ocrx_word' id='word_1_167' title='bbox 111 2258 225 2299; x_wconf 79' lang='lat' dir='ltr'>monui.</span> 
     </span>
    </p>

    <p class='ocr_par' dir='ltr' id='par_1_6' title="bbox 111 2322 1079 3139">
     <span class='ocr_line' id='line_1_25' title="bbox 176 2322 1077 2398; baseline 0.002 -16"><span class='ocrx_word' id='word_1_168' title='bbox 176 2322 275 2398; x_wconf 81' lang='lat' dir='ltr'>Igitur</span> <span class='ocrx_word' id='word_1_169' title='bbox 293 2324 412 2382; x_wconf 91' lang='lat' dir='ltr'>labente</span> <span class='ocrx_word' id='word_1_170' title='bbox 433 2323 554 2382; x_wconf 89' lang='lat' dir='ltr'>demum</span> <span class='ocrx_word' id='word_1_171' title='bbox 575 2322 751 2398; x_wconf 85' lang='lat' dir='ltr'>antiquitate</span> <span class='ocrx_word' id='word_1_172' title='bbox 772 2325 803 2381; x_wconf 90' lang='lat' dir='ltr'>st</span> <span class='ocrx_word' id='word_1_173' title='bbox 821 2325 996 2383; x_wconf 84' lang='lat' dir='ltr'>vanescente</span> <span class='ocrx_word' id='word_1_174' title='bbox 1012 2343 1077 2384; x_wconf 89' lang='lat' dir='ltr'>eru-</span> 
     </span>
     <span class='ocr_line' id='line_1_26' title="bbox 112 2405 1077 2484; baseline 0.002 -18"><span class='ocrx_word' id='word_1_175' title='bbox 112 2408 227 2466; x_wconf 86' lang='lat' dir='ltr'>ditione</span> <span class='ocrx_word' id='word_1_176' title='bbox 246 2409 358 2482; x_wconf 88' lang='lat' dir='ltr'>pariter</span> <span class='ocrx_word' id='word_1_177' title='bbox 377 2425 411 2466; x_wconf 88' lang='grc'>66</span> <span class='ocrx_word' id='word_1_178' title='bbox 428 2407 538 2465; x_wconf 88' lang='lat' dir='ltr'>iudicio</span> <span class='ocrx_word' id='word_1_179' title='bbox 563 2409 659 2466; x_wconf 89' lang='lat' dir='ltr'>totam</span> <span class='ocrx_word' id='word_1_180' title='bbox 683 2407 760 2464; x_wconf 90' lang='lat' dir='ltr'>hanc</span> <span class='ocrx_word' id='word_1_181' title='bbox 784 2407 921 2482; x_wconf 84' lang='lat' dir='ltr'>syllogen</span> <span class='ocrx_word' id='word_1_182' title='bbox 941 2405 1077 2484; x_wconf 86' lang='lat' dir='ltr'>Vergilio</span> 
     </span>
     <span class='ocr_line' id='line_1_27' title="bbox 113 2490 1078 2566; baseline 0.002 -17"><span class='ocrx_word' id='word_1_183' title='bbox 113 2492 294 2566; x_wconf 86' lang='lat' dir='ltr'>adscriptam</span> <span class='ocrx_word' id='word_1_184' title='bbox 308 2509 421 2552; x_wconf 87' lang='lat' dir='ltr'>censeo.</span> <span class='ocrx_word' id='word_1_185' title='bbox 443 2490 582 2550; x_wconf 82' lang='lat' dir='ltr'>Ceterum</span> <span class='ocrx_word' id='word_1_186' title='bbox 593 2509 647 2566; x_wconf 91' lang='lat' dir='ltr'>per</span> <span class='ocrx_word' id='word_1_187' title='bbox 658 2509 776 2550; x_wconf 89' lang='lat' dir='ltr'>cursum</span> <span class='ocrx_word' id='word_1_188' title='bbox 788 2491 972 2550; x_wconf 89' lang='lat' dir='ltr'>saeculorum</span> <span class='ocrx_word' id='word_1_189' title='bbox 986 2493 1078 2551; x_wconf 89' lang='lat' dir='ltr'>etiam</span> 
     </span>
     <span class='ocr_line' id='line_1_28' title="bbox 112 2574 1076 2651; baseline -0.002 -16"><span class='ocrx_word' id='word_1_190' title='bbox 112 2577 172 2635; x_wconf 90' lang='lat' dir='ltr'>alia</span> <span class='ocrx_word' id='word_1_191' title='bbox 191 2576 321 2651; x_wconf 87' lang='lat' dir='ltr'>plurima</span> <span class='ocrx_word' id='word_1_192' title='bbox 340 2593 432 2651; x_wconf 88' lang='lat' dir='ltr'>eaque</span> <span class='ocrx_word' id='word_1_193' title='bbox 453 2593 489 2633; x_wconf 82' lang='lat' dir='ltr'>ex</span> <span class='ocrx_word' id='word_1_194' title='bbox 507 2578 593 2650; x_wconf 83' lang='lat' dir='ltr'>perte</span> <span class='ocrx_word' id='word_1_195' title='bbox 612 2575 799 2650; x_wconf 90' lang='lat' dir='ltr'>ineptissima</span> <span class='ocrx_word' id='word_1_196' title='bbox 817 2574 950 2634; x_wconf 86' lang='lat' dir='ltr'>tribuere</span> <span class='ocrx_word' id='word_1_197' title='bbox 970 2576 1076 2650; x_wconf 88' lang='lat' dir='ltr'>eidem,</span> 
     </span>
     <span class='ocr_line' id='line_1_29' title="bbox 112 2657 1079 2736; baseline 0.001 -18"><span class='ocrx_word' id='word_1_198' title='bbox 112 2660 215 2736; x_wconf 88' lang='lat' dir='ltr'>qualia</span> <span class='ocrx_word' id='word_1_199' title='bbox 235 2661 304 2718; x_wconf 90' lang='lat' dir='ltr'>sunt</span> <span class='ocrx_word' id='word_1_200' title='bbox 318 2659 430 2736; x_wconf 87' lang='lat' dir='ltr'>elegiae</span> <span class='ocrx_word' id='word_1_201' title='bbox 446 2659 482 2718; x_wconf 94' lang='lat' dir='ltr'>de</span> <span class='ocrx_word' id='word_1_202' title='bbox 496 2659 675 2732; x_wconf 83' lang='lat' dir='ltr'>Maecenate,</span> <span class='ocrx_word' id='word_1_203' title='bbox 690 2661 832 2731; x_wconf 89' lang='lat' dir='ltr'>rosetum,</span> <span class='ocrx_word' id='word_1_204' title='bbox 848 2677 967 2717; x_wconf 90' lang='lat' dir='ltr'>carmen</span> <span class='ocrx_word' id='word_1_205' title='bbox 981 2657 1017 2717; x_wconf 90' lang='lat' dir='ltr'>de</span> <span class='ocrx_word' id='word_1_206' title='bbox 1032 2663 1079 2719; x_wconf 88' lang='lat' dir='ltr'>est</span> 
     </span>
     <span class='ocr_line' id='line_1_30' title="bbox 112 2743 1077 2820; baseline 0.002 -18"><span class='ocrx_word' id='word_1_207' title='bbox 112 2748 144 2802; x_wconf 90' lang='grc'>61</span> <span class='ocrx_word' id='word_1_208' title='bbox 157 2761 232 2816; x_wconf 91' lang='lat' dir='ltr'>non,</span> <span class='ocrx_word' id='word_1_209' title='bbox 249 2744 284 2801; x_wconf 91' lang='lat' dir='ltr'>de</span> <span class='ocrx_word' id='word_1_210' title='bbox 299 2743 363 2804; x_wconf 80' lang='lat' dir='ltr'>viro</span> <span class='ocrx_word' id='word_1_211' title='bbox 378 2744 471 2817; x_wconf 92' lang='lat' dir='ltr'>bono,</span> <span class='ocrx_word' id='word_1_212' title='bbox 488 2743 598 2802; x_wconf 88' lang='lat' dir='ltr'>similia</span> <span class='ocrx_word' id='word_1_213' title='bbox 611 2744 768 2820; x_wconf 88' lang='lat' dir='ltr'>pleraque,</span> <span class='ocrx_word' id='word_1_214' title='bbox 784 2761 860 2818; x_wconf 90' lang='lat' dir='ltr'>quae</span> <span class='ocrx_word' id='word_1_215' title='bbox 874 2761 912 2801; x_wconf 91' lang='lat' dir='ltr'>ne</span> <span class='ocrx_word' id='word_1_216' title='bbox 927 2743 1077 2804; x_wconf 86' lang='lat' dir='ltr'>mentione</span> 
     </span>
     <span class='ocr_line' id='line_1_31' title="bbox 112 2826 1077 2904; baseline 0 -18"><span class='ocrx_word' id='word_1_217' title='bbox 112 2828 234 2904; x_wconf 91' lang='lat' dir='ltr'>quidem</span> <span class='ocrx_word' id='word_1_218' title='bbox 243 2875 246 2878; x_wconf 95' lang='lat'>.</span> <span class='ocrx_word' id='word_1_219' title='bbox 256 2827 346 2903; x_wconf 87' lang='lat' dir='ltr'>digna</span> <span class='ocrx_word' id='word_1_220' title='bbox 360 2830 442 2900; x_wconf 87' lang='lat' dir='ltr'>sunt,</span> <span class='ocrx_word' id='word_1_221' title='bbox 464 2845 531 2885; x_wconf 91' lang='lat' dir='ltr'>cum</span> <span class='ocrx_word' id='word_1_222' title='bbox 551 2827 727 2902; x_wconf 85' lang='lat' dir='ltr'>praesertim</span> <span class='ocrx_word' id='word_1_223' title='bbox 741 2826 900 2902; x_wconf 85' lang='lat' dir='ltr'>farraginis</span> <span class='ocrx_word' id='word_1_224' title='bbox 914 2826 1001 2886; x_wconf 89' lang='lat' dir='ltr'>huius</span> <span class='ocrx_word' id='word_1_225' title='bbox 1016 2847 1077 2886; x_wconf 87' lang='lat' dir='ltr'>ma·</span> 
     </span>
     <span class='ocr_line' id='line_1_32' title="bbox 111 2911 1078 2986; baseline 0.001 -16"><span class='ocrx_word' id='word_1_226' title='bbox 111 2913 208 2971; x_wconf 90' lang='lat' dir='ltr'>iorem</span> <span class='ocrx_word' id='word_1_227' title='bbox 227 2915 344 2986; x_wconf 86' lang='lat' dir='ltr'>partem</span> <span class='ocrx_word' id='word_1_228' title='bbox 368 2911 466 2970; x_wconf 90' lang='lat' dir='ltr'>medio</span> <span class='ocrx_word' id='word_1_229' title='bbox 487 2912 606 2970; x_wconf 89' lang='lat' dir='ltr'>demum</span> <span class='ocrx_word' id='word_1_230' title='bbox 626 2929 698 2970; x_wconf 89' lang='lat' dir='ltr'>aevo</span> <span class='ocrx_word' id='word_1_231' title='bbox 719 2912 757 2970; x_wconf 91' lang='lat' dir='ltr'>ad</span> <span class='ocrx_word' id='word_1_232' title='bbox 776 2911 935 2986; x_wconf 85' lang='lat' dir='ltr'>explendas</span> <span class='ocrx_word' id='word_1_233' title='bbox 954 2913 1078 2986; x_wconf 84' lang='lat' dir='ltr'>paginas</span> 
     </span>
     <span class='ocr_line' id='line_1_33' title="bbox 113 2994 1078 3072; baseline -0.002 -16"><span class='ocrx_word' id='word_1_234' title='bbox 113 2995 264 3072; x_wconf 86' lang='lat' dir='ltr'>opusculis</span> <span class='ocrx_word' id='word_1_235' title='bbox 278 2995 459 3072; x_wconf 86' lang='lat' dir='ltr'>Vergilianis</span> <span class='ocrx_word' id='word_1_236' title='bbox 485 3015 503 3054; x_wconf 90' lang='grc'>6</span> <span class='ocrx_word' id='word_1_237' title='bbox 527 2995 657 3056; x_wconf 85' lang='lat' dir='ltr'>librariis</span> <span class='ocrx_word' id='word_1_238' title='bbox 672 3013 736 3055; x_wconf 85' lang='lat' dir='ltr'>esse</span> <span class='ocrx_word' id='word_1_239' title='bbox 757 2994 889 3053; x_wconf 86' lang='lat' dir='ltr'>additam</span> <span class='ocrx_word' id='word_1_240' title='bbox 904 3013 1078 3069; x_wconf 87' lang='lat' dir='ltr'>persuasum</span> 
     </span>
     <span class='ocr_line' id='line_1_34' title="bbox 111 3081 432 3139; baseline 0 0"><span class='ocrx_word' id='word_1_241' title='bbox 111 3081 247 3139; x_wconf 89' lang='lat' dir='ltr'>habeam.</span> <span class='ocrx_word' id='word_1_242' title='bbox 428 3094 432 3101; x_wconf 85' lang='lat'>&#39;</span> 
     </span>
    </p>

    <p class='ocr_par' dir='ltr' id='par_1_7' title="bbox 110 3163 1078 3578">
     <span class='ocr_line' id='line_1_35' title="bbox 176 3163 1077 3241; baseline 0.003 -19"><span class='ocrx_word' id='word_1_243' title='bbox 176 3164 241 3222; x_wconf 88' lang='lat' dir='ltr'>Iam</span> <span class='ocrx_word' id='word_1_244' title='bbox 261 3165 393 3240; x_wconf 89' lang='lat' dir='ltr'>sylloges</span> <span class='ocrx_word' id='word_1_245' title='bbox 417 3163 554 3241; x_wconf 86' lang='lat' dir='ltr'>Augusto</span> <span class='ocrx_word' id='word_1_246' title='bbox 573 3163 739 3239; x_wconf 89' lang='lat' dir='ltr'>imperante</span> <span class='ocrx_word' id='word_1_247' title='bbox 761 3163 856 3222; x_wconf 82' lang='lat' dir='ltr'>factae</span> <span class='ocrx_word' id='word_1_248' title='bbox 877 3163 1077 3240; x_wconf 87' lang='lat' dir='ltr'>apographon,</span> 
     </span>
     <span class='ocr_line' id='line_1_36' title="bbox 113 3247 1077 3324; baseline -0.001 -16"><span class='ocrx_word' id='word_1_249' title='bbox 113 3249 195 3308; x_wconf 85' lang='grc'><strong>6111116</strong></span> <span class='ocrx_word' id='word_1_250' title='bbox 211 3249 326 3323; x_wconf 87' lang='lat' dir='ltr'>primae</span> <span class='ocrx_word' id='word_1_251' title='bbox 340 3249 418 3322; x_wconf 86' lang='lat' dir='ltr'>parti</span> <span class='ocrx_word' id='word_1_252' title='bbox 426 3248 525 3307; x_wconf 84' lang='lat' dir='ltr'>Aetna</span> <span class='ocrx_word' id='word_1_253' title='bbox 539 3250 709 3319; x_wconf 86' lang='lat' dir='ltr'>accesserat,</span> <span class='ocrx_word' id='word_1_254' title='bbox 721 3247 845 3304; x_wconf 86' lang='lat' dir='ltr'>ultimae</span> <span class='ocrx_word' id='word_1_255' title='bbox 860 3247 937 3324; x_wconf 89' lang='lat' dir='ltr'>elegi</span> <span class='ocrx_word' id='word_1_256' title='bbox 952 3247 987 3306; x_wconf 90' lang='lat' dir='ltr'>de</span> <span class='ocrx_word' id='word_1_257' title='bbox 999 3248 1077 3307; x_wconf 89' lang='lat' dir='ltr'>Mae-</span> 
     </span>
     <span class='ocr_line' id='line_1_37' title="bbox 112 3330 1078 3407; baseline -0.003 -16"><span class='ocrx_word' id='word_1_258' title='bbox 112 3337 215 3391; x_wconf 88' lang='lat' dir='ltr'>cenate</span> <span class='ocrx_word' id='word_1_259' title='bbox 231 3335 262 3390; x_wconf 90' lang='lat' dir='ltr'>et</span> <span class='ocrx_word' id='word_1_260' title='bbox 275 3331 420 3407; x_wconf 89' lang='lat' dir='ltr'>quaedam</span> <span class='ocrx_word' id='word_1_261' title='bbox 435 3334 501 3405; x_wconf 82' lang='lat' dir='ltr'>alia,</span> <span class='ocrx_word' id='word_1_262' title='bbox 514 3351 581 3390; x_wconf 90' lang='lat' dir='ltr'>cum</span> <span class='ocrx_word' id='word_1_263' title='bbox 592 3332 707 3388; x_wconf 86' lang='lat' dir='ltr'>extaret</span> <span class='ocrx_word' id='word_1_264' title='bbox 719 3333 854 3406; x_wconf 88' lang='lat' dir='ltr'>tempore</span> <span class='ocrx_word' id='word_1_265' title='bbox 866 3330 965 3391; x_wconf 81' lang='lat' dir='ltr'>Caroli</span> <span class='ocrx_word' id='word_1_266' title='bbox 975 3332 1078 3406; x_wconf 88' lang='lat' dir='ltr'>Magni</span> 
     </span>
     <span class='ocr_line' id='line_1_38' title="bbox 110 3413 1078 3491; baseline -0.006 -15"><span class='ocrx_word' id='word_1_267' title='bbox 110 3418 144 3476; x_wconf 92' lang='lat' dir='ltr'>in</span> <span class='ocrx_word' id='word_1_268' title='bbox 159 3415 258 3476; x_wconf 83' lang='lat' dir='ltr'>Gallia</span> <span class='ocrx_word' id='word_1_269' title='bbox 276 3417 340 3478; x_wconf 86' lang='lat' dir='ltr'>sive</span> <span class='ocrx_word' id='word_1_270' title='bbox 354 3416 451 3490; x_wconf 87' lang='lat' dir='ltr'>Italia,</span> <span class='ocrx_word' id='word_1_271' title='bbox 471 3416 503 3473; x_wconf 91' lang='lat' dir='ltr'>id</span> <span class='ocrx_word' id='word_1_272' title='bbox 517 3414 596 3472; x_wconf 88' lang='lat' dir='ltr'>haud</span> <span class='ocrx_word' id='word_1_273' title='bbox 609 3413 775 3475; x_wconf 90' lang='lat' dir='ltr'>minoribus</span> <span class='ocrx_word' id='word_1_274' title='bbox 788 3415 858 3476; x_wconf 88' lang='lat' dir='ltr'>fatis</span> <span class='ocrx_word' id='word_1_275' title='bbox 873 3419 919 3475; x_wconf 87' lang='lat' dir='ltr'>est</span> <span class='ocrx_word' id='word_1_276' title='bbox 933 3416 1078 3491; x_wconf 73' lang='lat' dir='ltr'>agItatum</span> 
     </span>
     <span class='ocr_line' id='line_1_39' title="bbox 110 3497 1076 3578; baseline -0.007 -18"><span class='ocrx_word' id='word_1_277' title='bbox 110 3521 201 3578; x_wconf 88' lang='lat' dir='ltr'>quem</span> <span class='ocrx_word' id='word_1_278' title='bbox 224 3500 328 3560; x_wconf 87' lang='lat' dir='ltr'>eadem</span> <span class='ocrx_word' id='word_1_279' title='bbox 348 3502 444 3558; x_wconf 85' lang='lat' dir='ltr'>aetate</span> <span class='ocrx_word' id='word_1_280' title='bbox 465 3499 555 3560; x_wconf 87' lang='lat' dir='ltr'>codex</span> <span class='ocrx_word' id='word_1_281' title='bbox 574 3499 626 3556; x_wconf 90' lang='lat' dir='ltr'>ille</span> <span class='ocrx_word' id='word_1_282' title='bbox 647 3499 699 3574; x_wconf 89' lang='lat' dir='ltr'>qui</span> <span class='ocrx_word' id='word_1_283' title='bbox 714 3499 828 3560; x_wconf 79' lang='lat' dir='ltr'>Tibulli</span> <span class='ocrx_word' id='word_1_284' title='bbox 848 3500 941 3560; x_wconf 89' lang='lat' dir='ltr'>libros</span> <span class='ocrx_word' id='word_1_285' title='bbox 963 3497 1013 3558; x_wconf 86' lang='lat' dir='ltr'>vel</span> <span class='ocrx_word' id='word_1_286' title='bbox 1027 3497 1076 3572; x_wconf 90' lang='lat' dir='ltr'>qui</span> 
     </span>
    </p>
   </div>
   <div class='ocr_carea' id='block_1_3' title="bbox 0 0 1326 4110">
    <p class='ocr_par' dir='ltr' id='par_1_8' title="bbox 0 0 1326 4110">
     <span class='ocr_line' id='line_1_40' title="bbox 0 0 1326 4110; baseline 0 0"><span class='ocrx_word' id='word_1_287' title='bbox 0 0 1326 4110; x_wconf 95' lang='lat' dir='ltr'> </span> 
     </span>
    </p>
   </div>
  </div>
 </body>
</html>
