2630 4110
457 207 678 268 pumilio:
956 223 1041 274 uxx1

68 378 152 438 laxit
172 372 411 454 ascomannos),
436 395 490 452 pro
511 377 628 454 dactylo
650 379 767 455 saepius
786 379 887 456 posuit
907 376 1043 442 Catullus

71 462 245 538 spondeum
259 462 297 521 ad
311 462 390 520 huno
403 461 539 520 modum:

284 563 411 618 oramus,
425 547 453 605 εὶ
466 545 544 604 forta
558 563 619 605 uon
632 547 831 608 molestumst.

92 652 97 660 ⁶
139 629 179 688 Id
194 629 246 688 ubi
259 629 375 702 aoaidit,
386 628 466 688 basis
480 647 597 705 sempor
610 629 736 690 habetur
749 633 781 690 ot
794 632 859 707 ipsa
874 632 1040 709 spondiaoa.

71 715 223 775 Ceterum
245 717 314 790 apta
339 713 553 788 multiplicatos
575 713 721 789 spondeos
745 715 881 776 adhibuit
905 715 1041 776 Catullus

71 799 224 875 opusculo
243 797 324 873 quod
344 797 406 856 dixi
426 797 463 854 ad
477 797 685 858 dasoribaudos
699 798 817 860 laboras
831 799 1042 876 molestiasque

70 883 189 959 quibus
204 881 389 941 conflictatus
402 881 540 942 fueritin
554 883 754 958 conquirendo
769 881 915 944 comario.

142 965 275 1026 Oassura
292 966 361 1024 huia
386 965 485 1026 versui
510 968 545 1024 ut
563 965 715 1027 breviculo
736 971 816 1026 carta
840 967 926 1028 adest
948 969 1041 1028 nulla.

70 1049 252 1126 Aliquando
266 1051 299 1110 in
312 1049 370 1108 fine
384 1049 626 1125 monosyllabum
640 1051 773 1126 positum
788 1054 833 1110 ast
846 1052 1041 1127 praecedento

71 1137 252 1211 plusquam
267 1134 474 1210 monosyllabo
493 1129 534 1213 [5‚
550 1135 579 1193 5.
597 1135 625 1193 7.
642 1133 671 1192 7.
689 1136 738 1208 13,
757 1138 784 1193 1.
800 1135 850 1210 24,
868 1137 895 1194 7.
912 1135 962 1210 55,
981 1131 1042 1215 13].

141 1234 229 1294 vm.
250 1235 390 1311 'glyoonoi
408 1227 444 1314 [o.
460 1235 511 1294 34.
529 1229 580 1314 61]

141 1503 245 1562 VIIII.
267 1415 503 1582 pherecrataild.
519 1499 638 1582 3461]
659 1415 688 1480 4

447 1596 669 1670 ἐ(;).ῑνυ.ῑῧ

142 1787 282 1848 Iambum
302 1789 334 1846 in
353 1789 419 1848 basi
438 1787 576 1864 glyoouai
589 1786 680 1847 habas
696 1788 746 1861 34,
763 1788 797 1862 23
813 1787 845 1846 in
859 1787 1044 1864 pherecratoi

72 1876 119 1935 ib.
136 1875 174 1947 4,
195 1873 247 1950 qui
266 1890 371 1933 vorsus
390 1873 511 1948 propria
531 1871 719 1932 axousatious
739 1872 813 1945 tuti3
839 1872 987 1947 spondeus
1011 1874 1044 1934 iu

74 1959 189 2018 eodem
203 1958 268 2017 looo
283 1957 373 2016 matri
386 1957 473 2016 huius
487 1955 637 2032 reperitur
653 1957 702 2028 61,
720 1953 790 2014 201.
807 1955 877 2014 231.

146 2041 248 2101 Semel
262 2039 410 2117 spondeus
424 2059 478 2116 pro
493 2039 613 2117 dactylo
626 2039 742 2114 positus
756 2039 800 2098 ita
816 2033 878 2118 [61,
895 2036 946 2120 25]

427 2125 566 2184 nutriunt
579 2141 692 2182 umora.

74 2211 159 2270 Vide
175 2228 250 2286 quae
265 2209 392 2268 diximus
407 2209 436 2266 d.
451 2227 476 2267 r.
491 2228 531 2266 m.
547 2227 596 2284 pg.
615 2209 684 2268 166.

145 2293 306 2370 Glyoouais
325 2296 357 2352 et
374 2293 571 2368 pherecratsis
585 2310 646 2352 uon
659 2293 717 2352 nisi
731 2310 785 2368 per
798 2295 961 2367 systemata
975 2313 1044 2370 syn·

76 2379 171 2456 aphia
189 2379 290 2438 innota
308 2393 379 2436 usus
399 2376 543 2438 Catullus.
570 2375 596 2434 Ε
612 2375 720 2452 quibus
734 2377 765 2434 id
779 2376 858 2452 quod
872 2376 998 2438 habetur
1011 2379 1044 2438 in

74 2485 105 2523 o.
122 2464 164 2523 34
186 2463 338 2537 quaternis
353 2461 484 2520 decurrit
496 2461 640 2534 uorsibus,
661 2462 694 2519 at
708 2459 817 2536 duplex
830 2463 876 2520 est
889 2461 921 2518 in
937 2462 975 2520 61
990 2463 1042 2520 tri·

76 2566 191 2607 norum
206 2549 238 2604 et
250 2545 405 2619 binorum,
425 2547 461 2604 ut
476 2547 546 2620 post
556 2545 683 2603 tortium
697 2563 845 2620 quamquo
859 2562 979 2604 vorsum
995 2544 1044 2602 ad-

77 2631 163 2691 mitti
183 2629 279 2706 possit
293 2629 409 2705 syllaba
423 2647 529 2705 anosps
543 2629 594 2689 vol
612 2629 720 2690 hiatus.
749 2629 854 2706 Itaque
870 2629 981 2706 species
995 2646 1043 2688 ox·

76 2720 149 2776 taut
162 2715 238 2774 talos
252 2714 285 2774 in
299 2713 398 2789 priora
412 2713 570 2789 opusculo:

77 3155 113 3214 iu
125 3152 295 3230 posteu'oro
