2636 4146
86 249 182 323 Vllll.]
504 253 611 306 LIBER
631 252 667 310 V.
985 249 1044 312 113

85 413 251 478 Femineae
272 415 344 478 loca
366 413 472 478 clausa
494 413 571 478 deae
592 414 760 512 fontesque
783 415 926 500 piandos,
1012 429 1044 478 25

124 497 249 582 Inpone
270 501 303 563 61
324 498 421 562 661116
445 519 535 562 sacra
556 500 676 562 retecta
697 499 782 562 rins.

83 580 183 646 Devia
205 582 360 666 puniceae
381 581 664 646 velabant-limina
685 583 797 666 111166,

124 665 231 730 Putris
254 665 387 730 odorato
409 666 533 730 luxerat
554 666 630 750 igne
653 687 734 749 casa,

82 749 128 813 Po
151 750 280 814 616661
301 749 407 834 longis
430 750 563 813 ornabat
584 750 750 815 frondibus
773 751 891 836 aedem,

159 834 288 917 ultaque
311 837 475 898 cantantes
498 833 611 897 umbra
632 837 664 898 te
689 835 763 899 ebat
785 858 867 901 aves.

81 916 153 982 Huc
174 917 240 981 ruit
261 918 296 981 in
318 918 434 982 siccam
456 920 609 1002 congesta
630 857 759 1002 pulvere
781 920 912 986 barbam

123 999 168 1066 Et
189 1002 361 1082 incitante
382 1002 467 1066 fores
489 1001 585 1066 verba
606 1003 729 1066 minora
750 1003 825 1067 deo:

83 1086 161 1150 ‘Vos
183 1106 305 1169 precor,
328 1106 347 1148 o
369 1085 432 1150 luci
455 1106 543 1149 sacro
566 1107 646 1169 quae
668 1086 778 1152 luditis
801 1091 902 1171 antro,

123 1168 259 1234 Pandite
282 1167 413 1233 defessis
435 1167 563 1253 hospita
584 1171 659 1234 fana
680 1171 765 1234 viris.

82 1251 195 1330 Fontis
218 1274 315 1338 egens
338 1273 408 1316 erro
431 1253 574 1336 circaque
596 1256 744 1318 sonantia
766 1255 913 1339 lymphis,
1010 1268 1043 1316 aa

122 1335 169 1402 Et
189 1358 266 1402 6616
287 1339 435 1420 succepto
457 1337 588 1402 flumine
609 1339 715 1422 palma
736 1343 786 1404 sat
807 1343 863 1404 est.

82 1421 268 1486 Audistisne
290 1421 438 1504 aliquem,
460 1425 551 1506 tergo
574 1423 628 1505 qui
650 1424 778 1488 sustulit
799 1423 929 1488 orbem?

123 1505 183 1570 Ille
206 1526 266 1591 ego
289 1527 374 1569 sum:
397 1505 533 1570 Alciden
555 1509 639 1570 terra
660 1511 787 1592 recepta
808 1512 909 1573 vocat.

86 1588 162 1664 Quis
185 1589 270 1653 facta
291 1585 466 1653 Herculeae
487 1611 554 1654 non
570 1590 658 1653 audit
672 1592 769 1655 fortia
785 1593 890 1656 clavae

121 1673 168 1737 Et
188 1693 360 1756 numquam
382 1671 422 1736 ad
444 1677 548 1736 166166
570 1674 660 1738 irrita
681 1675 864 1758 tolosanas,

86 1759 194 1842 Atque
215 1757 272 1822 uni
295 1755 422 1841 Stygias
436 1755 560 1820 homini
581 1757 699 1821 luxisse
719 1759 889 1822 tenebras?

124 1839 297 1938 [Accipitez
320 1840 397 1905 haec
412 1840 497 1905 fesso
512 1841 566 1904 vix
585 1839 665 1904 mihi
678 1843 764 1904 terra
777 1840 886 1930 patet]

83 1925 176 2009 Quid,
199 1946 227 1988 s1
247 1923 365 1989 Iunoni
387 1946 511 1989 sacrum
532 1924 678 1989 faceretis
701 1927 846 1990 amarae?

121 2009 200 2075 Non
222 2008 388 2073 clausisset
409 2031 505 2094 aquas
527 2009 598 2093 ipsa
618 2030 755 2074 noverca
777 2032 859 2076 suas.

82 2091 138 2157 Sin
161 2093 300 2176 aliquam
323 2094 487 2178 voltusque
509 2115 598 2158 meus
620 2097 786 2178 saetaeque
808 2095 909 2160 leonis
1028 2109 1042 2157 5

122 2177 258 2242 Tenent
280 2180 313 2242 et
333 2177 452 2262 Libyco
475 2179 542 2243 sole
562 2181 692 2262 perusta
714 2199 818 2262 coma,
896 2223 898 2230 ι

82 2259 171 2326 Idem
194 2283 254 2346 ego
278 2260 408 2326 Sidonia
430 2261 492 2327 1661
514 2264 640 2327 servilia
661 2264 746 2348 palla
888 2342 892 2348 Ι

122 2345 240 2411 Officia
261 2348 293 2409 et
313 2344 403 2428 Lydo
425 2368 525 2430 pensa
547 2347 661 2410 diurna
682 2348 763 2430 colo,

81 2427 190 2494 Mollis
213 2432 245 2493 61
264 2428 422 2493 hirsutum
445 2431 529 2514 oepit
550 2429 628 2494 mihi
649 2430 749 2495 fascia
769 2435 890 2516 pectus,

121 2513 167 2578 111
190 2513 335 2578 manibus
359 2513 444 2579 duris
467 2537 485 2578 a
507 2518 541 2578 ta
562 2515 669 2599 puella
689 2515 758 2580 fui!
806 2587 809 2594 ¹

81 2595 213 2661 Talibus
236 2593 374 2681 Alcides,
399 2601 468 2662 att
502 2599 570 2664 'bus
593 2599 677 2663 alma
699 2599 855 2682 sacerdos

120 2682 263 2746 Puniceo
286 2703 380 2746 canas
403 2684 538 2748 stamine
558 2683 666 2749 116616
688 2705 808 2749 comas:

82 2765 193 2830 ‘Parce
216 2766 325 2850 oculis,
348 2765 481 2850 hospes,
506 2768 640 2851 lucoque
663 2769 797 2833 abscede
819 2767 973 2833 verendo:

123 2849 210 2916 Cede
232 2849 367 2934 agedum
390 2855 422 2914 et
443 2853 514 2914 1616
535 2851 647 2915 limina
668 2851 776 2936 linque
799 2853 884 2936 fuga.
1107 2908 1115 2922 .

80 2932 256 2999 1616611616
277 2934 352 2997 viris
373 2933 543 2998 metuenda
564 2935 635 3019 lege
656 2936 771 3018 piatur,
1010 2949 1043 2997 55

122 3017 212 3094 Quae
234 3039 267 3082 66
290 3018 437 3082 submota
458 3017 599 3083 vindicat
620 3040 674 3082 ara
696 3039 776 3084 casa.

79 3101 134 3164 Ma
183 3123 202 3165 6
224 3101 362 3166 Tiresias
384 3103 507 3186 aspexit
527 3101 659 3166 Pallada
679 3105 777 3186 16166,

121 3124 233 3250 11611116
255 3185 330 3250 dum
351 3188 456 3270 posita
478 3185 628 3273 Gorgone
650 3188 793 3252 membra
813 3187 907 3253 lavat.

79 3268 122 3334 Di
144 3269 205 3334 tibi
228 3269 304 3334 dent
325 3271 405 3334 alios
426 3271 549 3335 fontes:
572 3270 650 3336 haec
672 3269 802 3354 lympha
823 3273 937 3356 puellis

120 3353 206 3418 Avia
227 3355 340 3419 secreti
362 3355 472 3420 limitis
494 3377 558 3420 una
578 3355 672 3420 fluit?
1013 3373 1046 3420 66

80 3437 132 3502 Sic
155 3459 252 3503 anus:
275 3439 329 3502 illo
350 3439 467 3502 umeris
489 3441 597 3522 poetes
620 3440 782 3504 concussit
804 3461 931 3524 opacos,

121 3522 193 3587 Nec
214 3523 289 3586 tulit
311 3522 423 3587 iratam
445 3523 540 3588 ianua
561 3524 668 3589 clausa
690 3523 785 3589 sitim.

29 3627 30 3650 ³
130 3627 282 3667 horremus.
875 3633 896 3683 8
