2630 4110
225 209 310 256 xnvr
545 187 548 196 ⁴
594 193 807 251 PRAEFATIO.

226 363 326 426 Ovidii
347 363 477 424 carmina
496 363 639 421 amatoria
659 361 815 421 continuit.
847 361 942 422 111144
957 379 1032 424 saec.
1047 361 1138 423 VIIII
1152 383 1190 426 aa

224 449 252 507 X
271 449 419 523 descripta
445 447 558 522 aliquot
583 447 727 522 exemplis
749 445 900 505 Aetna-et
925 445 1018 506 Culex
1043 451 1087 521 41,
1110 467 1188 524 qaae

225 534 349 608 propter
367 532 545 592 brevitatem
574 530 689 589 facilius
717 531 1005 606 multiplicabantur,
1035 531 1189 592 Moratum

227 635 294 675 cum
310 614 391 691 Oopa
405 619 436 675 41
450 615 540 674 Diris.
563 645 605 656 -·
624 613 726 674 Etiam
741 613 817 676 Giris
833 617 864 674 et
877 614 1040 690 elegiamm
1055 615 1090 674 de
1106 617 1189 676 Mae·

226 702 328 758 cenate
355 703 421 759 tum
455 697 599 775 temporis
628 699 745 774 singula
772 697 912 758 videntur
946 698 1093 773 descripta
1122 719 1190 760 esse

225 785 368 866 exempla,
381 801 456 859 quae
470 801 540 842 mox
551 782 701 842 oblivione
710 801 812 856 pressa
825 801 886 842 non
899 781 958 842 nisi
972 783 1009 840 ab
1023 783 1108 842 Italis
1124 803 1190 843 sac·

216 863 284 926 'culi
304 867 510 942 quartidecimi
528 867 578 925 vel
597 866 747 942 sequentis
766 867 966 942 grammaticis
993 885 1028 924 411
1053 869 1190 928 tenebris

225 970 331 1025 narsus
349 953 420 1010 sunt
439 956 532 1008 411114.
575 950 645 1009 Mox
670 952 770 1008 autem
797 949 913 1026 ingenti
936 950 1043 1009 damno
1064 952 1190 1012 affectus

227 1035 318 1094 codex
337 1035 398 1094 ille.
437 1035 516 1093 Nam
536 1033 644 1094 amissa
665 1034 867 1110 prioreparte
887 1052 982 1110 usque
1002 1035 1039 1092 ad
1060 1033 1137 1094 Ciris
1157 1057 1189 1097 v.

225 1119 297 1192 454,
319 1118 409 1178 ctiam
429 1117 511 1194 Oopa
524 1119 640 1178 11141414
654 1117 736 1177 Diris
757 1121 788 1177 41
805 1117 935 1194 priapeia
948 1121 1066 1192 praeter
1080 1120 1191 1181 ultima

150 1215 152 1220 ’
226 1203 356 1278 quinque
376 1206 423 1262 est
447 1204 583 1275 orbatae,
603 1213 699 1276 neque
720 1202 934 1278 epigrammata
955 1201 987 1260 in
1006 1201 1065 1261 fine
1084 1204 1143 1262 sita
1157 1207 1192 1263 41

227 1287 311 1362 siqua
331 1287 390 1344 alia
407 1305 461 1361 per
480 1285 742 1361 interpolationem
761 1288 944 1346 accesserant
964 1287 1094 1352 carmina
1116 1289 1190 1347 reti-

226 1371 294 1428 nuit
317 1371 447 1446 exceptis
467 1369 559 1444 elegis
580 1369 616 1426 de
636 1369 815 1428 Maecenate.
860 1369 941 1441 Quae
960 1373 1077 1429 servata
1101 1375 1193 1434 erant

227 1471 301 1514 saec.
322 1452 380 1512 XII
400 1453 450 1513 vel
468 1453 567 1528 potius
587 1451 662 1510 XIII
682 1452 789 1512 codicis
809 1453 1010 1522 Bruxellensis
1037 1455 1134 1513 scriba
1155 1457 1191 1516 in

227 1557 314 1598 suum
333 1538 484 1613 exemplar
512 1536 665 1595 transtulit
689 1537 805 1596 omissis
834 1539 983 1614 opusculis
1009 1538 1191 1602 Tibullianis

226 1641 243 1680 4
258 1621 365 1696 quibus
379 1625 479 1680 tamen
493 1619 641 1697 posterius
654 1619 857 1681 animadverso
868 1641 968 1681 errore
979 1622 1190 1698 epigrammati

227 1706 376 1764 catalectis
391 1705 504 1764 adiecto
519 1704 681 1764 subiunxit.
706 1703 800 1780 quue
815 1706 940 1766 fortasse
955 1709 1124 1781 separatum
1138 1726 1190 1766 ex-

227 1790 291 1849 titit
304 1790 337 1848 in
350 1790 514 1850 vetustiora
528 1789 581 1848 illa
595 1789 717 1848 scheda:
741 1793 819 1848 certe
835 1792 866 1849 41
878 1791 911 1848 in
925 1790 1095 1850 Monacensi
1109 1791 1191 1852 libro

228 1874 403 1950 singillatim
416 1877 614 1950 propagatum
629 1876 675 1933 est
688 1875 720 1932 et
733 1873 766 1932 in
780 1873 1002 1934 Guelferbitano
1017 1874 1146 1949 quodam
1161 1895 1191 1936 a.

230 1961 311 2017 1450
331 1959 496 2034 conscripto
518 1953 576 2036 [nr.
600 1953 672 2036 703]
699 1962 768 2033 post
795 1977 819 2017 c.
841 1960 883 2018 80
906 1959 1020 2034 legitur
1037 1959 1191 2019 ultimum.

227 2041 311 2100 Idem
325 2041 378 2098 ille
391 2041 531 2100 librarius
546 2041 618 2116 quin
632 2059 668 2099 ex
683 2043 725 2100 cis
744 2060 819 2116 quae
834 2043 1033 2116 sequebantur
1047 2043 1193 2102 catalecta

227 2125 303 2183 nihil
317 2125 375 2183 nisi
389 2125 518 2183 carmina
533 2124 568 2181 de
579 2124 749 2182 Maecenate
763 2124 901 2183 habuerit
914 2125 994 2200 quod
1007 2125 1194 2188 describeret

228 2209 279 2268 vix
292 2207 410 2267 ridetur
424 2207 557 2266 dubium.
572 2207 687 2282 Nempe
702 2207 760 2265 alia
775 2209 801 2266 si
815 2209 942 2267 fuissent
954 2212 1073 2284 praesto
1087 2229 1122 2268 ea
1136 2229 1192 2286 po-

228 2291 289 2351 tius
304 2291 465 2350 addidisset
478 2310 568 2368 quam
583 2291 757 2366 opusculum
771 2291 805 2350 P.
820 2291 913 2350 Annii
927 2293 1010 2352 Flori
1025 2295 1071 2352 cui
1084 2294 1192 2354 inscri-

228 2379 316 2452 ptum
336 2373 476 2450 Vergilius
496 2379 593 2434 orator
612 2392 654 2434 44
667 2380 769 2448 poeto,
792 2395 859 2434 cum
879 2377 942 2452 ipsa
962 2380 997 2436 ut
1015 2378 1134 2438 videtur
1157 2379 1194 2442 in

229 2461 364 2536 margine
385 2459 532 2518 addiderit
553 2456 645 2535 (idem
670 2462 749 2518 certe
770 2461 890 2520 omnino
912 2463 1070 2520 atramenti
1094 2461 1191 2540 color)

229 2545 305 2602 hanc
316 2543 492 2619 scripturam
501 2545 534 2601 in
544 2542 603 2602 alio
615 2544 809 2618 quaternione
820 2563 856 2602 411
866 2544 984 2621 integro
996 2565 1059 2605 sese
1070 2547 1191 2606 habere.

231 2627 370 2688 Ceterum
381 2630 500 2704 praeter
508 2627 733 2687 Bruxellensem
748 2627 838 2686 etiam
853 2629 929 2688 alter
942 2648 978 2688 ex
992 2631 1095 2688 eodem
1107 2633 1193 2689 trun·

230 2715 296 2771 cato
312 2712 470 2788 archetypo
482 2711 586 2770 ductus
602 2711 693 2770 codex
706 2712 784 2770 unde
798 2713 914 2788 reliqua
927 2732 1001 2789 quae
1013 2715 1073 2772 iam
1088 2717 1195 2776 extant

231 2797 410 2870 exemplaria
425 2814 498 2854 saec.
514 2793 570 2852 XV
584 2795 693 2870 scripta
709 2795 855 2872 originem
870 2797 986 2856 trahere
1000 2797 1150 2858 videntur.

295 2879 354 2938 Sed
367 2879 560 2954 Priapcorum
581 2881 767 2955 exemplaria,
785 2899 859 2956 quae
879 2900 952 2940 saec.
968 2882 1059 2941 XIIII
1072 2884 1121 2942 vel
1135 2882 1195 2940 XV

230 2982 394 3040 provenere
415 2963 502 3022 ducta
521 2965 592 3022 sunt
605 2982 621 3022 4
636 2963 744 3038 codice,
766 2965 813 3022 cm'
827 2965 954 3040 dessent,
970 2969 1005 3024 ut
1018 2967 1192 3040 memoravi,

231 3050 361 3124 quinque
380 3049 531 3126 postrema
550 3048 693 3121 carmina,
719 3066 794 3123 quae
820 3049 940 3124 quidem
959 3051 992 3108 in
1011 3051 1193 3110 membranis

230 3133 408 3206 quibusdam
427 3133 630 3192 recentissime
650 3133 767 3208 scriptis
788 3135 898 3207 extant,
920 3134 972 3192 sed
990 3137 1142 3208 praeterea
1157 3153 1195 3194 ex

230 3218 316 3292 parta
331 3217 421 3274 etiam
434 3217 467 3276 in
480 3216 702 3291 vetustioribus,
718 3217 746 3274 h.
760 3235 785 3276 e.
797 3218 898 3291 Brun,
910 3217 1034 3292 Monac,
1048 3217 1195 3294 Scaligeri

231 3299 329 3358 codice
351 3299 534 3374 Tibulliano,
557 3303 640 3360 ouius
661 3301 777 3362 diversa
796 3301 949 3376 arcliquis
965 3303 1058 3378 origo.
1088 3302 1194 3377 Neque

230 3387 332 3442 tamen
351 3401 472 3458 possum
493 3385 630 3444 assentiri
649 3386 844 3459 Buechelero,
865 3386 917 3460 qui
931 3386 1009 3445 hanc
1022 3387 1059 3446 ob
1075 3404 1196 3449 causam

230 3469 283 3528 illa
298 3468 439 3544 opuscula
454 3487 471 3526 a
486 3468 591 3527 ceteris
606 3469 739 3545 Priapeia
755 3469 912 3546 separavit.
