2598 4136
20 245 21 248 ‘
93 217 285 344 mxxnnq'
481 269 647 327 emnem.

92 435 253 499 Formosus
275 453 401 518 quoque
422 432 568 518 pingitur
588 429 725 516 Lyaeus,

92 516 343 583 Formosissimus
366 516 541 580 omniumst
562 511 695 600 Cupido.

92 602 137 666 Me
155 602 266 686 pulore
286 600 392 664 fateor
414 619 519 664 cerere
540 599 659 682 forme,

91 685 200 750 Verum
221 684 363 749 mentula
383 683 545 748 luculente
564 685 715 748 nostrast.

91 768 176 834 Hane
197 767 318 833 mavolt
339 767 401 833 sibi
423 788 518 852 quum
540 765 615 832 deon
635 768 758 864 priores
764 813 775 851 ,

93 851 210 936 Siquast
229 872 297 916 non
316 849 398 916 fatui
420 849 527 934 puella
548 871 653 916 enum.

485 981 637 990 -—-—---

485 1054 633 1128 XXXX.

21 1205 24 1215 ·
91 1169 169 1234 Note
191 1168 374 1236 Suburanus
396 1169 480 1233 inter
501 1167 673 1231 Telethusa
693 1168 831 1252 puellos,

128 1253 214 1329 Quae
220 1302 229 1336 ,
251 1255 342 1336 puta,
365 1251 405 1318 de
427 1255 560 1336 quaestu
581 1251 682 1316 libere
702 1251 789 1318 fuote
810 1257 912 1337 suost,

90 1335 196 1421 tingit
217 1337 362 1402 inaurato
382 1356 497 1421 penem
518 1335 593 1418 tibi,
617 1338 741 1420 saneto,
764 1355 895 1402 corona:

124 1420 220 1485 Hune
240 1420 387 1504 pethieue
410 1419 525 1484 summi
545 1420 687 1485 numinis
708 1421 810 1486 instar
831 1420 959 1486 hubent

486 1549 639 1559 ———-.

477 1624 643 1699 XXXXI.

89 1737 235 1823 Quisquis
256 1737 380 1804 venerit
399 1737 477 1820 huo,
500 1741 596 1822 poeta
615 1739 671 1802 fiet

86 1821 125 1886 nt
144 1843 256 1888 versus
276 1821 356 1886 mihi
378 1821 503 1888 dedicet
523 1823 659 1886 iocosos.

87 1906 145 1982 Qui
163 1927 233 1972 non
253 1905 382 1990 feeerit,
403 1907 488 1971 inter
510 1904 651 1970 eruditos

84 1987 304 2057 Ficosissimus
326 1988 467 2055 ambulet
486 1991 609 2074 poetas.

489 2115 642 2130 —n--u-q-d

470 2193 652 2268 XXXXII.

83 2308 198 2374 Laetus
224 2309 425 2405 Audet-egonus
446 2309 532 2374 nutis
553 2308 635 2373 bene
656 2307 769 2373 vilicus
790 2310 859 2374 uvis

120 2392 170 2458 De
195 2413 269 2458 uere
288 2392 377 2457 faedi
399 2392 455 2458 det
474 2392 534 2457 tibi
554 2412 666 2476 pomo,
688 2392 774 2457 deun.

82 2477 125 2542 At
145 2481 184 2542 tu
208 2477 324 2541 secreti
347 2478 514 2542 contentus
536 2476 676 2572 imagine
696 2476 784 2560 pomi

119 2560 186 2626 Fae
211 2579 303 2626 veros
324 2559 447 2626 fruetus
469 2560 539 2644 ille,
562 2559 692 2644 Pnupe‚
714 2559 806 2625 ferat.

460 2763 661 2839 XXXXIH.

82 2878 194 2944 Nolite
221 2878 342 2962 omniu,
366 2899 445 2962 quae
467 2878 595 2962 loquor,
616 2882 729 2962 putere

79 2961 137 3027 Per
160 2964 272 3027 lusum
292 2961 372 3028 mihi
393 2983 451 3045 per
472 2963 639 3046 iocumque
661 2962 733 3028 diei.

80 3045 269 3131 Deprensos
332 3067 352 3110 o
373 3048 424 3110 ter
445 3050 616 3131 quaterque
636 3045 724 3112 fures

80 3128 219 3214 Omnes,
241 3151 283 3194 no
326 3129 473 3210 abinus,
495 3130 672 3196 inmmebo.

490 3255 642 3270 ι-ι-ι--ι-Δ-

454 3291 692 3409 nnumin.-

75 3446 169 3514 Velle
195 3447 275 3595 quid
295 3447 379 3514 hene
401 3449 503 3547 dieue,
526 3448 668 3534 quemvis
690 3447 747 3546 sio·
758 3445 883 3547 ligneus
905 3450 1020 3532 estem,

115 3533 245 3600 Oseua
268 3531 324 3596 det
343 3531 447 3598 medlo
466 3554 557 3617 nque
577 3533 684 3618 puelia
704 3531 793 3598 m1h1.
