2666 4138
232 197 298 248 vm
343 201 347 210 ⁸
604 181 817 238 PRAEFATIO.

235 358 296 433 psit
314 354 449 431 reposuit
467 353 548 422 lueet,
568 349 620 428 qui
635 350 661 411 G
676 351 771 419 liccat,
790 351 914 424 uterque
933 345 1079 424 explendo
1098 349 1201 410 metro

236 441 287 500 sed
306 458 412 515 parum
430 436 568 496 feliciter.
596 433 642 494 Oi.
664 435 754 492 etiam
773 451 848 509 quae
867 432 1036 492 notabimus
1058 433 1096 490 ad
1108 433 1150 506 ll,
1167 435 1200 508 1,

236 525 292 598 313
307 521 379 595 IIII,
397 523 446 595 13,
463 521 513 580 35.
544 517 604 579 Sed
617 517 736 577 hercule
755 517 827 592 quid
841 518 950 576 mirum
965 516 991 575 ei
1004 515 1037 574 in
1051 518 1198 592 coruptis·

236 607 311 667 sima
324 601 485 666 traditione
504 623 543 662 ne
562 601 735 680 potissimus
750 601 870 676 quidem
884 600 969 672 liber,
985 599 1038 660 sed
1052 601 1103 676 qui
1117 601 1199 659 haud

236 708 306 750 sane
320 691 468 749 vetustate
483 688 523 747 sit
535 686 670 762 insignis,
682 685 930 760 interpolatorum
941 702 1062 759 prorsus
1073 685 1200 744 arbitrio

236 771 338 832 caret?
359 771 416 832 Est
433 775 535 830 tamen
553 773 713 844 utcumque
727 768 830 844 magni
849 768 939 844 pretii
958 769 990 826 et
1004 766 1201 844 dignissimus

236 856 288 932 qui
302 856 474 932 diligentius
489 854 680 914 describatur.

298 940 397 1017 Igitur
410 941 457 999 est
471 939 562 998 codex
574 939 654 996 inter
668 934 819 996 Gudianos
832 954 863 994 n.
880 935 941 994 224
955 936 1202 996 membranaceus

236 1023 268 1084 in
283 1027 385 1084 octavo
400 1023 520 1096 maiore,
535 1021 616 1098 quod
628 1021 753 1080 barbare
768 1020 884 1092 dicitur,
906 1019 969 1080 sive
983 1021 1088 1094 quarto
1102 1019 1200 1078 mino-v

236 1126 284 1182 re,
305 1108 387 1183 quali
406 1107 503 1167 forma
520 1106 600 1164 haud
619 1123 728 1180 paucos
748 1103 927 1164 ereticorum
946 1103 1038 1162 libros
1063 1103 1202 1164 invenies

125 1243 126 1248 ,
238 1191 373 1266 scriptos.
393 1190 456 1250 Nec
471 1189 616 1266 scriptura
627 1189 690 1248 eius
706 1187 763 1247 sibi
778 1189 895 1246 constat
907 1188 996 1262 plane
1010 1205 1106 1262 neque
1120 1189 1198 1245 atra-

237 1277 386 1348 mentum,
406 1291 445 1332 ne
467 1274 499 1332 in
521 1274 621 1348 priore
641 1271 761 1347 quidem
775 1273 868 1346 parte.
897 1270 941 1330 At
955 1270 1058 1330 niolio
1072 1271 1141 1328 inde
1156 1272 1200 1328 49

237 1376 330 1434 usque
345 1357 383 1415 ad
394 1359 433 1416 71
449 1356 567 1416 videtur
580 1355 653 1414 mihi
668 1355 725 1412 alia
735 1373 826 1414 manu
836 1353 941 1414 eodem
950 1357 1052 1413 tamen
1062 1356 1201 1430 tempore

238 1443 383 1500 excretus.
404 1440 442 1498 In
455 1439 509 1498 hac
520 1441 605 1515 perte
620 1441 820 1498 atramentum
833 1439 1009 1516 plerumque
1022 1438 1121 1498 minus
1135 1439 1201 1513 pal·

237 1524 333 1583 lidum
352 1523 506 1599 magisque
520 1523 641 1599 nigrum
655 1541 745 1598 quam
759 1523 818 1582 fuit
832 1524 910 1582 ante.
939 1523 996 1582 Est
1009 1525 1108 1580 autem
1121 1523 1199 1582 inte-

238 1625 300 1685 ger,
321 1607 380 1666 nisi
400 1607 480 1683 qnod
498 1608 578 1666 inter
599 1609 640 1667 70
661 1609 692 1666 et
712 1608 750 1666 71
771 1607 868 1666 excisa
887 1608 933 1665 est
950 1605 1109 1681 nescioquo
1129 1623 1200 1665 casu

237 1692 355 1768 pagina.
384 1690 498 1752 Versus
516 1692 549 1750 in
567 1691 667 1766 priore
686 1692 771 1767 parte
792 1692 863 1751 sunt
885 1689 947 1748 fere
961 1689 1057 1750 viceni
1072 1691 1198 1764 septeni,

237 1775 270 1834 in
289 1775 453 1851 posteriore
473 1774 689 1850 utplurimum
709 1774 830 1847 triceni,
857 1773 906 1833 vel
925 1792 984 1832 uno
1006 1791 1059 1832 seu
1083 1773 1202 1832 dnobus

238 1860 393 1936 pauciores
417 1859 468 1919 vel
490 1859 602 1936 plures.
645 1858 819 1918 carminum
847 1857 1051 1916 distinctiones
1075 1852 1201 1916 vacante

239 1945 334 2018 spatio
354 1943 450 2002 factae
470 1943 518 2002 vel
539 1942 639 2001 addita
652 1943 845 2018 inscriptione
860 1943 931 2000 sunt
943 1941 1124 2014 nullae-nec
1137 1961 1202 2000 ma-

239 2027 285 2103 gis
300 2028 446 2085 librorum
459 2026 518 2084 nisi
532 2026 611 2101 quod
624 2025 703 2084 inter
716 2025 763 2084 III
778 2028 809 2084 et
822 2025 885 2084 1111
898 2025 1034 2100 interque
1048 2023 1111 2083 1111
1126 2028 1158 2085 et
1171 2023 1200 2082 V

239 2111 426 2184 singulorum
438 2127 579 2168 versuum
590 2109 695 2168 relicta
703 2109 869 2168 intervalla.
885 2107 1026 2168 ceterum
1036 2127 1074 2168 ne
1086 2108 1201 2168 inGro·

238 2193 369 2267 ningano
389 2191 509 2270 quidem
527 2193 625 2251 codice
639 2193 692 2251 lib.
708 2193 723 2251 I
738 2213 755 2250 u
768 2193 800 2251 Π
815 2195 968 2268 separatur
984 2187 1032 2272 [oi.
1047 2191 1162 2251 Heimr.
1177 2194 1198 2252 l.

238 2294 278 2334 m.
294 2295 344 2352 pg.
359 2271 402 2354 4].
431 2275 568 2336 Initiales
581 2277 744 2334 carminum
757 2277 871 2350 literae,
885 2277 1062 2351 ubicumque
1077 2277 1202 2336 librario

239 2362 320 2419 certo
340 2359 376 2418 de
395 2359 549 2436 principiis
569 2362 702 2420 constare
722 2360 882 2432 videretur,
904 2359 1142 2435 splendidissime
1156 2361 1200 2436 pi-

239 2445 303 2502 ctae
323 2443 421 2502 colore
435 2445 535 2518 rubro,
556 2443 655 2517 viridi,
678 2445 822 2516 caeruleo,
843 2445 916 2503 alias
935 2443 1021 2502 initia
1045 2445 1200 2520 elegorum

238 2545 299 2586 non
323 2525 382 2585 nisi
400 2527 517 2586 lineolis
542 2527 672 2588 incurvis
696 2529 729 2586 in
749 2527 882 2603 margine
908 2527 1015 2586 additis
1036 2546 1089 2586 seu
1108 2529 1203 2588 rubro

240 2611 337 2670 colore
358 2609 420 2670 sive
441 2609 529 2670 solito
549 2613 713 2670 atramento
735 2610 952 2688 significantur,
978 2629 1065 2688 saepe
1090 2630 1130 2670 ne
1153 2612 1203 2672 bis

238 2694 368 2772 quidem.

303 2777 344 2834 Et
363 2777 491 2852 proximi
511 2777 651 2854 cuiusque
672 2781 799 2856 aprime
818 2799 907 2840 versu
925 2779 1050 2839 initialis
1070 2781 1201 2855 plerum-

240 2879 296 2937 que
309 2862 406 2920 colore
419 2879 454 2919 ex
465 2862 508 2920 eis
519 2879 592 2938 quos
600 2862 660 2921 dixi
670 2863 805 2940 insignis.
820 2863 898 2922 Hinc
909 2864 1066 2940 aliquando
1079 2864 1200 2940 factum,

240 2948 275 3004 ut
286 2939 427 3022 principis
443 2945 561 3005 distichi
574 2947 692 3006 litterae
706 2948 820 3022 primae
837 2944 912 3025 (sive
927 2949 1022 3007 alters
1032 2967 1069 3006 ex
1083 2945 1139 3026 cis)
1155 2967 1201 3006 re·

239 3028 327 3089 lictae
342 3030 519 3105 rubricatori
533 3033 564 3088 et
578 3032 703 3091 omissae
719 3033 756 3090 ab
771 3049 805 3090 eo
821 3031 999 3106 exciderent,
1020 3051 1202 3108 quamquam

241 3113 307 3172 aliis
322 3113 395 3173 locis
410 3133 461 3172 eae
481 3116 513 3174 in
527 3115 648 3174 sinistro
662 3116 797 3192 margine
812 3117 977 3176 atramento
993 3117 1081 3176 solito
1095 3117 1201 3193 legun-

240 3198 291 3255 tur
313 3197 487 3274 adscriptae.
523 3197 567 3257 At
584 3199 617 3258 in
637 3197 740 3258 dextro
761 3217 848 3274 saepe
868 3199 995 3258 babetur
1021 3200 1142 3276 signum
1162 3200 1203 3260 Π)

240 3281 290 3340 vel
303 3299 324 3355 p
338 3282 388 3340 vel
402 3281 511 3340 similia
525 3281 577 3341 sed
590 3301 665 3358 quae
679 3283 778 3342 minus
791 3283 878 3342 facile
896 3283 945 3342 hio
958 3285 1017 3344 loci
1030 3303 1203 3360 repraesen-

241 3364 297 3437 tes,
310 3367 464 3440 praeteree
473 3365 591 3424 litterae
602 3368 635 3424 ut
649 3369 722 3442 puta
732 3387 753 3424 u
764 3385 785 3426 n
800 3387 817 3425 a
831 3386 848 3427 o
863 3370 886 3441 t,
902 3369 1056 3444 exquibus
1070 3369 1203 3444 cbmplu-

242 3447 301 3508 ries
321 3447 391 3506 licet
410 3449 554 3507 vocabula
576 3457 650 3526 quae
671 3453 741 3509 sunt
753 3455 820 3510 cota
833 3456 886 3511 tuo
899 3458 969 3512 noto
983 3451 1069 3527 effici,
1085 3471 1120 3510 ao
1134 3453 1204 3512 sub·
