2628 4116
94 253 269 326 miurus]
511 251 627 309 niusa

481 415 663 490 XXXVII.

176 541 274 606 Salax
296 539 429 604 taberna
449 560 569 622 vosque
590 539 848 626 contubernales,

175 626 207 689 A
230 625 358 708 pileatis
379 643 467 687 nona
487 622 638 687 fratribus
659 623 740 708 pila,

128 787 131 792 ἱ
177 708 263 774 Solis
285 707 406 855 putatis
429 727 497 771 esse
520 707 677 772 mentulas
699 709 804 792 vobis,

177 792 263 858 Solis
301 791 396 875 bere,
419 790 571 874 quidquid
594 793 643 856 est
662 791 838 876 puellarum

120 950 123 956 ‚
178 876 375 942 Confutuem
398 877 431 938 et
450 877 562 958 putare
585 877 705 940 ceteros
726 841 854 942 hircosi
1041 889 1058 940 c

176 963 248 1044 An,
271 959 471 1024 continenter
493 957 577 1042 quod
599 958 716 1024 sedetis
737 960 850 1026 insulsi

178 1044 317 1110 (lentum
339 1065 381 1106 an
403 1041 547 1126 ducenti,
569 1063 637 1107 non
657 1044 777 1126 putatis
799 1066 947 1110 ausurum

176 1128 232 1192 Me
254 1149 319 1192 una
340 1127 491 1192 ducentos
513 1126 674 1192 inrumare
697 1128 858 1193 sessores?

127 1215 134 1230 '
175 1211 278 1296 Atqui
299 1212 423 1296 putate:
445 1231 583 1294 namque
604 1211 703 1276 totius
725 1211 816 1276 vobis

178 1295 333 1362 Frontem
353 1295 506 1360 tabernae
528 1293 749 1380 scorpionibus
771 1297 916 1363 scribam.
1025 1309 1058 1360 ιο

175 1380 293 1445 Puella
313 1400 389 1442 nam
410 1378 470 1462 mi,
493 1399 573 1462 quae
594 1399 666 1444 meo
687 1379 758 1444 sinu
780 1380 879 1467 fugit,

176 1465 298 1529 Amata
318 1465 443 1527 tantum
466 1465 620 1546 quantum
642 1463 800 1528 amabitur
821 1467 923 1550 nulla,

157 1547 242 1642 lPro
264 1568 327 1630 qua
347 1545 427 1610 mihi
449 1549 524 1610 sunt
544 1568 664 1632 magna
684 1547 768 1614 bella
789 1554 946 1635 pugnata,

180 1630 336 1697 Consedit
356 1631 438 1694 istic.
467 1629 550 1694 hanc
571 1631 649 1696 boni
670 1631 818 1716 beatique

178 1716 300 1780 Omnes
322 1715 443 1795 ametis,
464 1716 497 1778 et
518 1715 659 1798 quidem,
682 1715 765 1798 quod
787 1716 997 1802 indignumst,
1026 1729 1057 1778 15

179 1800 300 1864 Omnes
321 1798 431 1882 pusilli
453 1800 486 1862 et
507 1799 660 1862 semitarii
681 1798 821 1884 moechi,

177 1883 227 1948 'l'u
250 1885 375 1966 praeter
396 1903 506 1946 omnes
528 1903 591 1946 une
613 1882 652 1946 de
674 1883 845 1968 capillatis,

178 1966 392 2032 Cuniculosae
415 1965 605 2030 Celtiberiae
627 1966 673 2030 fili

178 2051 316 2136 Egnati,
339 2071 358 2113 o
383 2070 440 2114 aea
462 2070 555 2133 quem
577 2049 698 2114 bonum
719 2051 797 2116 facit
818 2052 917 2117 barba

139 2121 163 2225 Η
176 2134 224 2200 Et
245 2134 322 2198 dens
380 2134 465 2198 'bera
487 2133 657 2198 defricatus
679 2135 779 2202 urina
1024 2149 1059 2198 20

476 2373 674 2447 XXXVIII.

180 2496 314 2580 Malcst,
338 2494 505 2578 Cornifici,
525 2497 580 2561 tuo
604 2494 745 2580 Catullo,

178 2580 311 2664 Malest,
334 2579 549 2663 mehercule,
572 2583 604 2644 et
625 2582 674 2646 est
694 2581 866 2666 laboriose,

180 2663 227 2729 Et
248 2665 351 2748 magis
373 2664 475 2749 magia
497 2662 620 2727 indies
643 2667 676 2728 et
695 2665 800 2730 horas.

180 2748 284 2823 Quem
305 2753 357 2831 tu,
381 2746 465 2831 quod
486 2745 653 2812 minimum
674 2749 970 2833 facillimumquest,

180 2831 253 2907 Qua
275 2833 395 2896 solatus
417 2853 450 2895 es
473 2830 698 2896 adlocutione?
1042 2843 1059 2893 o

178 2915 306 2980 Irascor
326 2917 395 2980 tibi.
426 2915 471 2980 sic
492 2935 580 2979 meos
606 2917 750 2982 amores?

180 2999 318 3066 Paulum
340 2999 416 3084 quid
437 2999 525 3064 lubet
549 2999 774 3086 adlocutionis,

115 3069 151 3182 il
179 3084 337 3150 Maestius
359 3083 497 3147 lacrimis
521 3083 723 3150 Simonideis.

468 3312 687 3386 XXXVIIII.

177 3437 356 3524 Egnatius,
382 3433 465 3519 quod
482 3435 638 3502 candidos
660 3435 757 3502 habet
778 3435 904 3519 dentes,

177 3521 321 3588 Renidet
341 3541 441 3604 usque
463 3541 594 3605 quaque.
629 3521 674 3586 sei
696 3521 736 3586 ad
757 3522 805 3586 rei
826 3522 987 3585 ventumst

156 3637 159 3641 .
874 3621 909 3672 2.
