2598 4136
393 837 736 924 PRAEFATIO

517 1011 616 1020 -——-..

145 1131 192 1190 De
208 1129 321 1190 Tibulli
341 1129 487 1190 librorum
509 1129 608 1189 codice
629 1119 790 1204 archetypo
812 1127 939 1190 diximus
953 1129 985 1190 in
1000 1149 1062 1190 un-¹

89 1217 201 1276 rabbus
216 1213 403 1290 philologieis
418 1209 444 1272 is.
457 1215 543 1274 *1869
559 1211 658 1285 editis,
673 1231 745 1289 pgg.
759 1213 892 1273 63—77.
913 1213 959 1274 Ibi
974 1235 1049 1292 quae

90 1299 309 1375 subterposito
329 1299 389 1356 ium
409 1298 457 1358 hic
477 1297 534 1358 loci
549 1299 726 1382 repetuntur
749 1297 934 1372 paucissimis
953 1300 1049 1358 inmu-

90 1386 164 1444 tatis.

142 1468 190 1552 ‚Et
216 1467 343 1525 maxime
369 1466 490 1542 quidem
517 1465 594 1524 illud
625 1466 823 1525 excusandum
849 1467 928 1542 quod
958 1468 1049 1526 Fren-

90 1553 181 1611 ckenii
201 1551 321 1610 libellus
341 1549 378 1609 de
399 1551 467 1609 crisi
483 1549 596 1609 Tibulli
616 1543 798 1610 carminibus
819 1551 984 1610 adhibenda
999 1552 1050 1627 qui
1097 1541 1100 1546 ¹

89 1637 197 1712 legitur
226 1636 356 1694 insertus
383 1637 517 1694 sotorum
536 1634 627 1693 Accd.
651 1633 817 1694 Amstelod.
833 1635 1048 1694 litterariorum

90 1721 164 1794 perti
184 1720 314 1779 decimae
340 1714 491 1795 (provenit
516 1737 542 1778 e.
568 1713 662 1794 1866)
689 1736 758 1776 casu
783 1717 911 1792 quodam
936 1719 1050 1778 infelici

90 1808 157 1864 tunc
171 1803 316 1879 temporis
330 1821 384 1862 nos
398 1803 527 1879 fugeret.
789 1847 794 1858 .

148 1887 308 1949 Praeterea
328 1886 523 1946 nominandae
545 1885 768 1945 dissertationes
784 1881 903 1944 Ottonis
918 1885 1050 1944 Richteri

90 1973 122 2030 de
142 1971 292 2030 Vincentii
312 1970 530 2031 Bellovacensis
556 1969 702 2044 excerptis
724 1968 902 2028 Tibullienis
928 1967 1049 2028 Bonnoo

89 2077 112 2114 e.
130 2057 212 2116 1865
235 2055 315 2114 edita
335 2057 365 2113 et
379 2055 499 2115 Ernesti
514 2053 665 2114 Protzenii
685 2053 722 2112 de
743 2053 889 2128 excerptis
906 2051 1049 2112 Tibullie-

88 2142 132 2200 nis
146 2141 269 2199 ineunte
283 2157 384 2198 mense
398 2139 427 2197 h.
435 2159 460 2198 e.
477 2139 615 2216 Augusto
630 2137 781 2214 publicato
795 2135 1050 2214 Gryphisweldiee

89 2231 117 2284 et
137 2225 240 2300 paullo
260 2226 329 2300 post
348 2224 384 2282 ab
406 2224 513 2298 ecqui
539 2222 658 2298 scripsit
683 2239 750 2280 cum
773 2222 914 2281 comitate
938 2221 975 2280 ed
995 2241 1049 2281 nos

88 2309 270 2368 transmissa.
299 2306 433 2384 Vterque
454 2325 521 2366 oum
544 2325 614 2365 cure
634 2307 785 2366 confectus
805 2305 925 2365 libellus
946 2309 977 2366 et
997 2325 1051 2364 sus

88 2393 175 2452 laude
194 2393 302 2469 dignus
322 2391 360 2450 ad
379 2391 498 2467 singule
512 2390 656 2466 quaedem
670 2393 751 2450 recte
766 2388 949 2450 aestimande
963 2390 1049 2448 nobis

88 2478 144 2536 fuit
157 2476 256 2536 utilis:
278 2478 410 2535 ceterum
429 2473 509 2550 quod
528 2493 624 2551 nuper
643 2475 771 2534 diximus
792 2473 998 2533 auctoritatem
1019 2477 1051 2532 et

87 2561 177 2620 fidem
204 2563 409 2636 excerptorum
437 2551 676 2618 Tibulliencrum
701 2560 819 2634 praeter
847 2557 1051 2634 Frisingensia

89 2663 151 2706 esse
168 2644 332 2717 minimam,
349 2647 381 2703 et
394 2661 474 2704 nunc
489 2643 570 2703 omni
584 2643 710 2720 pignore
725 2641 922 2700 adfirmamus.

151 2729 237 2800 Quod
256 2729 424 2788 coniectura
444 2727 524 2786 haud
542 2727 733 2803 improbabili
757 2727 913 2798 statuitur,
938 2723 1049 2785 Catulli

87 2814 234 2873 librorum
248 2812 381 2872 Thuenei
404 2815 435 2872 et
448 2810 629 2872 Veronensis
643 2811 836 2886 archetypum
851 2809 1051 2885 conscriptum

88 2898 181 2957 fuisse
191 2897 222 2956 in
233 2894 339 2970 Gallie,
356 2896 435 2956 idem
450 2895 583 2956 euenisse
599 2895 712 2954 Tibulli
731 2894 892 2969 exemplari
907 2894 950 2966 ei,
971 2892 1051 2950 unde

88 2982 204 3057 relique
222 2981 310 3042 ducto
329 2983 408 3054 sunt,
428 2983 546 3040 tentum
565 2997 626 3038 uon
646 2981 760 3040 certum
780 2981 835 3037 est.
880 2977 995 3051 Quippe
1011 2978 1051 3042 ,et

89 3065 263 3128 Ouiacienus
286 3064 430 3141 Scaligeri
448 3065 554 3138 codex,
571 3063 650 3122 houd
669 3063 758 3123 dubie
777 3063 810 3120 in
827 3079 861 3119 ee
881 3061 961 3118 terre
981 3059 1051 3118 scri·

86 3154 168 3226 ptus,
191 3153 220 3210 et
238 3152 391 3226 excerpto,
415 3148 522 3225 quibus
536 3147 711 3208 Vincentius
726 3141 960 3216 BellovecensiS,
982 3161 1052 3202 mox

89 3235 223 3310 Scaliger
236 3253 323 3308 usus,
344 3233 469 3293 eandem
484 3234 649 3310 agnoscunt
662 3228 799 3306 patriam.

150 3319 200 3376 Er
220 3336 255 3378 eo
275 3318 450 3394 archetypo,
471 3317 523 3393 qui
542 3317 661 3392 praeter
675 3314 817 3389 quattuor
831 3311 944 3371 Tibulli
958 3312 1051 3372 libros

86 3404 184 3463 etiam
196 3402 321 3478 Priapes
342 3401 406 3462 eius
426 3401 484 3461 duo
504 3403 535 3460 et
553 3398 679 3458 Domitii
700 3395 792 3456 Marsi
812 3398 996 3475 epigramma
1015 3397 1051 3453 de

85 3490 189 3548 morte
202 3489 305 3560 poetae
320 3486 500 3561 continebat,
515 3482 642 3544 eCaroli
655 3481 835 3561 indeMogni
850 3498 1052 3603 successorum

852 3583 870 3622 ³⁴
904 3622 911 3633 .
