2636 4146
109 201 194 270 vnn]
505 199 612 252 alsus
633 199 667 254 v.
1008 191 1068 257 109

149 360 291 426 Narrant
311 357 463 424 historiae
485 358 614 424 foedera
635 363 713 424 nota
733 382 823 426 suae:

106 445 195 510 Haec
217 465 275 508 sua
295 443 448 508 maternis
470 443 612 526 queritur
633 443 730 510 livere
752 443 872 510 eatenis
1035 457 1067 506 65

149 527 286 592 Brachia
306 548 366 592 nec
387 527 517 592 meritas
538 525 655 612 frigida
677 549 752 592 saxa
772 549 900 594 manus:

106 612 225 680 Narrat
245 611 473 696 Hypermestre
495 631 649 695 magnum
670 634 762 678 ausas
785 633 853 678 esse
876 631 1016 694 sorores,

148 695 189 760 In
210 695 314 760 scelus
335 693 398 760 hoc
420 695 561 759 animum
582 716 651 760 non
670 695 807 762 valuisse
829 718 931 761 suurn.

108 779 161 846 Sic
184 779 296 844 mortis
318 777 458 844 lacrimis
478 779 562 843 vitae
584 800 733 846 sanemus
757 801 895 846 amores:

150 863 227 930 Celo
250 884 310 949 ego
331 862 482 947 perfidiae
504 862 638 928 crimina
651 864 752 928 multa
772 867 854 929 tuae.
1036 875 1070 926 το

108 946 171 1013 Sed
192 947 252 1011 tibi
272 968 359 1011 nuno
379 945 530 1012 mandata
551 945 662 1012 damus
694 948 722 1012 si
743 947 826 1012 forte
847 948 1001 1030 moveris,

151 1029 185 1096 Si
206 1035 326 1095 temon
347 1032 452 1096 toturn
474 1029 642 1097 Chloridos
663 997 763 1096 herba
783 1035 886 1096 tenetr

108 1114 225 1182 Nutrix
247 1115 282 1179 in
302 1115 447 1185 tremulis
461 1114 580 1199 nequid
595 1114 753 1180 desideret
774 1116 865 1180 annis
998 1184 999 1187 ,

150 1197 335 1264 Parthenia:
356 1197 476 1282 patuit,
497 1220 557 1263 nec
578 1198 638 1262 tibi
660 1219 754 1263 avara
774 1199 844 1264 fuit.

12 1285 13 1300 *
108 1283 311 1366 Deliciaeque
332 1303 420 1348 meae
442 1281 556 1366 Latris,
580 1283 631 1348 eui
651 1303 770 1348 nomen
791 1283 831 1348 ab
844 1285 951 1366 usust,
1038 1293 1071 1344 ⁷5

150 1365 182 1433 N
184 1387 201 1430 a
223 1365 386 1450 speculum
408 1366 555 1432 dominae
575 1367 721 1452 porrigat
740 1365 797 1432 illa
810 1388 919 1431 novae.

109 1451 153 1516 nt
173 1471 388 1534 quoscumque
409 1471 480 1514 meo
503 1451 608 1516 fecisti
629 1450 760 1516 nomine
781 1473 905 1534 versus,

151 1534 216 1600 Vre
238 1533 334 1598 mihi:
356 1533 464 1600 laudes
485 1535 594 1600 desine
615 1533 732 1600 habere
753 1557 849 1600 meas.

109 1619 197 1684 Pelle
210 1618 360 1683 hederam
375 1619 508 1701 tumulo,
523 1618 605 1682 mihi
615 1640 694 1702 quae
706 1623 872 1704 pugnante
886 1618 1036 1702 corymbo
1158 1695 1162 1706 Κ

151 1703 264 1768 Mollia
286 1703 440 1768 contortis
463 1701 584 1786 adligat
604 1722 677 1766 ossa
699 1703 808 1766 comis.
1038 1713 1072 1764 80

110 1787 256 1852 Pomosis
278 1786 365 1850 Anio
388 1807 450 1870 qua
471 1785 625 1869 spumifer
639 1785 770 1848 incubat
791 1786 883 1868 arvis,

152 1871 197 1936 Et
217 1891 390 1954 numquam
411 1869 569 1934 Herculeo
591 1869 722 1934 numine
743 1869 843 1952 pallet
864 1869 951 1951 ebur,

110 1955 174 2020 Hic
197 1976 325 2019 carmen
345 1953 451 2018 media
472 1953 605 2039 dignum
626 1974 678 2017 me
700 1953 802 2018 scribe
824 1953 986 2034 columna,

153 2039 216 2104 Sed
236 2039 341 2120 breve,
364 2038 448 2122 quod
471 2057 600 2103 currens
622 2037 731 2104 vector
752 2037 792 2101 ab
813 2037 891 2102 urbe
913 2037 1015 2122 legat:

102 2124 186 2188 rffic
207 2121 376 2188 Tiburtina
396 2123 479 2187 iacet
501 2143 595 2207 aurea
610 2121 749 2206 Cynthia
768 2124 866 2186 terra:
1039 2132 1073 2184 85

153 2207 300 2272 Accessit
320 2207 408 2290 ripae
431 2207 509 2290 laus,
532 2207 667 2290 Aniene,
689 2209 785 2272 tuae?

111 2291 180 2357 Nec
201 2294 237 2354 tu
259 2311 372 2388 sperne
393 2291 455 2374 piis
476 2291 638 2356 venientia
658 2291 783 2356 somnia
826 2289 922 2355 ortis:

154 2373 236 2440 Ourn
256 2396 310 2458 p1a
330 2377 486 2438 venerunt
506 2375 640 2456 somnia,
662 2373 787 2456 pondus
838 2372 945 2437 abent.

111 2458 216 2524 Nocte
237 2479 337 2544 vagae
358 2457 500 2540 ferimur,
521 2479 587 2522 nox
608 2457 730 2522 clausas
757 2457 871 2526 liberat
892 2456 1030 2539 umbras,

153 2542 250 2606 Errat
271 2546 304 2606 et
325 2541 448 2607 abiecta
470 2540 625 2607 Cerberus
646 2541 715 2627 ipse
737 2562 815 2606 sera.
1039 2553 1073 2602 eo

111 2626 197 2691 Luce
220 2625 331 2692 iubent
352 2626 440 2711 leges
462 2625 602 2691 Lethaea
622 2625 663 2690 ad
685 2627 799 2711 stagna
820 2625 944 2690 reverti.

153 2710 224 2776 Nos
245 2709 404 2792 vehimur,
426 2714 552 2776 vectum
573 2714 672 2776 nauta
691 2712 837 2776 recenset
857 2730 946 2774 onus.
1014 2775 1025 2794 ,

112 2794 209 2861 Nunc
230 2799 263 2858 tc
285 2794 470 2878 possideant
491 2795 586 2859 aliae:
608 2815 684 2862 mox
705 2794 774 2859 sola
794 2793 926 2858 tenebo:

154 2877 281 2944 Mecum
303 2877 380 2961 eris,
403 2880 435 2942 et
455 2877 562 2942 mixtis
586 2878 709 2942 ossibus
732 2899 805 2941 ossa
825 2881 947 2941 teram!

108 2961 201 3026 Haec
223 2963 394 3046 postquam
416 2961 546 3045 querula
567 2982 691 3026 mecum
712 2961 770 3024 sub
793 2959 850 3024 lite
871 2961 1004 3046 peregit,
1040 2973 1073 3024 95
1162 3017 1165 3024 .

16 3115 18 3122 ,
154 3045 243 3111 Inter
266 3046 438 3130 conplexus
462 3045 578 3110 excidit
599 3044 712 3108 umbra
733 3064 831 3109 meos.

518 3175 670 3185 —.-.---·

544 3258 640 3331 VlII.

110 3383 220 3465 Disce,
244 3381 320 3466 quid
341 3381 501 3466 Esquilias
524 3383 584 3446 hac
605 3383 699 3445 nocte
721 3380 841 3466 fugarit
863 3403 1012 3467 aquosas,

156 3466 239 3534 Oum
264 3465 366 3531 vicina
387 3466 477 3530 novis
499 3465 592 3530 turba
614 3465 752 3531 cucurrit
773 3466 868 3552 agris.
