2666 4138
10 321 12 360 r
119 257 172 332 1.]
538 253 646 312 ursan
667 255 689 312 1

588 453 632 530 V.

123 586 233 669 Asper
244 604 342 648 ¹eram
365 585 397 648 61
418 583 499 649 bene
521 583 687 650 discidium
702 609 753 652 mc
767 586 850 652 ferre
863 587 1033 673 loquebare

166 671 215 732 At
236 667 317 732 mihi
337 687 424 731 nunc
446 669 543 754 longe
564 670 668 754 gloria
688 672 781 736 fortis
804 671 902 738 abest.

121 752 273 834 Namque
285 772 374 836 agor,
385 753 422 814 ut
422 773 489 899 (per
499 753 595 836 616116
606 755 688 818 61166
700 753 769 820 6616
781 756 910 822 verbere
921 756 1045 838 1611166,

10 883 18 915 ,
132 914 134 918 Ι
169 834 272 910 Quam
294 835 380 899 celer
402 855 421 898 a
443 841 532 900 sueta
552 841 659 902 versat
679 840 719 904 ab
741 842 808 904 arte
830 861 917 924 puer.

123 919 194 985 Vre
215 919 319 983 ferum
341 920 375 982 61
395 920 523 1002 torque,
545 921 645 986 libeat
664 943 706 987 ne
728 923 832 988 dicere
854 924 1022 1007 quicquam
1076 933 1092 985 6

169 1002 379 1088 Magnificum
399 1007 475 1086 post
495 1003 589 1069 haece
612 1005 742 1070 horrida
762 1005 860 1070 verba
881 1006 984 1072 doma.

10 1105 12 1170 ξ
125 1087 228 1150 Ρ6166
249 1090 372 1170 166166,
394 1107 452 1170 661
473 1090 505 1152 16
526 1088 636 1153 furtivi
657 1089 785 1154 foedera
806 1090 897 1172 lecti,

10 1177 12 1244 ζ
49 1193 52 1200 ’
168 1169 410 1234 Perveneram
432 1192 548 1254 quaeso
571 1173 835 1258 conpositumque
860 1176 964 1256 caput

10 1261 12 1344 j
125 1253 190 1318 Ille
213 1274 288 1338 ego,
311 1273 383 1318 cum
404 1255 491 1319 tristi
511 1255 623 1320 rnorbo
646 1257 770 1322 defessa
791 1257 925 1338 1666166,

10 1377 12 1388 ·
169 1336 216 1401 Te
239 1338 328 1402 dicor
349 1339 432 1402 votis
454 1339 607 1424 eripuisse
628 1342 723 1422 meis,
1060 1353 1092 1404 16

123 1421 262 1505 Ipseque
283 1423 317 1486 te
339 1421 457 1488 circum
479 1423 612 1488 lustravi
633 1423 753 1490 sulfura
774 1447 869 1510 puro,
946 1435 953 1445 ’

10 1517 11 1572 ἶ
169 1504 319 1570 Carmine
341 1527 414 1570 cum
434 1508 559 1592 magico
581 1509 811 1591 praecinuisset
832 1531 928 1576 anus:

10 1593 12 1672 ξ
126 1590 206 1674 1666
226 1590 394 1672 procuravi
413 1611 456 1656 ne
475 1595 608 1675 6666661
629 1614 722 1658 saeva
742 1615 857 1659 nocere

10 1673 12 1716 ³
170 1672 319 1757 Somnia,
342 1676 392 1738 ter
412 1676 523 1739 666616
544 1675 763 1742 deveneranda
783 1678 883 1743 mola:

129 1755 205 1841 1666
227 1777 287 1842 ego
309 1757 431 1822 velatur
452 1758 507 1823 filo
529 1760 709 1844 tunicisque
731 1760 1092 1825 6611111116

168 1839 255 1904 Vota
275 1861 391 1905 novem
413 1841 538 1907 Triviae
559 1847 654 1908 66616
676 1844 790 1908 6116616
812 1843 893 1908 dedi.

10 1929 20 1956 '
126 1923 245 1989 Omnia
265 1925 418 2010 persolvi:
441 1925 557 1992 fruitur
577 1947 664 1992 nunc
686 1927 767 1992 61161
789 1947 910 2009 616616,

168 2007 215 2072 Et
257 2008 382 2073 reeibus
404 2009 482 2073 felix
503 2011 603 2075 utitur
623 2011 678 2074 ille
699 2010 788 2076 meis.

124 2093 173 2157 At
194 2091 238 2154 m'
265 2093 271 2105 '
295 2091 420 2157 felicem
442 2094 555 2177 111616,
579 2095 606 2158 61
628 2095 716 2159 66116
736 2095 867 2178 fuisses,

170 2173 347 2260 Fingebam
370 2176 516 2262 demens,
540 2177 596 2242 sed
617 2182 771 2245 renuente
793 2180 862 2244 deo.
1058 2192 1092 2242 ao

123 2257 215 2324 Rura
237 2259 353 2343 colam,
376 2260 565 2346 frugumque
587 2261 690 2328 aderit
709 2285 780 2328 mes
794 2263 888 2328 Delia
909 2266 1031 2347 custos,

170 2343 258 2408 Arca
280 2343 356 2408 dum
376 2366 495 2410 messes
518 2346 586 2410 sole
607 2347 731 2412 calente
751 2351 849 2429 teret,

123 2427 197 2492 Aut
215 2426 295 2492 mihi
317 2428 457 2494 servabit
476 2429 581 2513 plenis
602 2430 638 2495 in
659 2431 808 2496 lintribus
830 2451 907 2495 uvas

168 2509 345 2595 Pressaque
366 2513 469 2577 veloci
491 2513 625 2580 candida
645 2517 751 2580 musta
771 2513 867 2600 pede,

122 2595 325 2662 Consuescet
344 2617 511 2662 numerare
531 2619 644 2683 pecus,
671 2602 858 2665 consuescet
879 2599 1015 2664 amantis
1057 2611 1090 2661 25

169 2676 324 2744 Garrulus
345 2680 381 2744 in
403 2679 549 2746 dominae
571 2683 678 2748 ludere
699 2705 799 2749 verna
820 2685 902 2748 sinu.

122 2761 193 2828 Illa
213 2761 272 2829 deo
295 2763 375 2829 66161
396 2765 554 2849 agricolae
575 2787 634 2850 pro
656 2768 773 2833 vitibus
794 2789 903 2851 uvam,

169 2844 234 2911 Pro
257 2851 366 2933 segete
388 2849 507 2934 661666,
529 2871 587 2946 616
649 2872 708 2936 ege
728 2853 814 2918 ferre
836 2851 959 2936 dapem.

121 2929 190 2996 Illa
210 2935 302 3017 regat
323 2936 471 3017 cunctos,
493 2933 542 2998 ilh
564 2872 758 2999 6161616616
780 2955 908 3001 curaer·

169 3015 218 3078 At
237 3015 326 3080 iuvet
345 3017 381 3080 in
401 3019 470 3081 1616
489 3039 541 3082 166
562 3017 644 3082 nihil
666 3040 735 3083 6666
758 3017 861 3084 domo.
1058 3027 1093 3079 8⁰

11 3155 12 3164 ,
121 3097 202 3164 Η66
221 3098 329 3165 166161
348 3099 498 3170 Messalla
519 3122 624 3186 meus,
647 3102 698 3166 cui
720 3101 824 3168 dulcia
845 3121 941 3185 poma

167 3179 264 3246 Delia
285 3183 410 3248 66166116
433 3183 579 3249 detrahat
601 3185 782 3250 arboribus:

121 3263 171 3331 Et
193 3267 318 3330 tantum
339 3271 490 3333 venerata
510 3269 627 3351 virum,
650 3269 736 3332 hunc
757 3266 866 3333 sedula
888 3271 990 3350 curet,

93 3395 98 3402 .
167 3346 254 3413 Huic
298 3353 367 3416 aret
387 3354 482 3436 atque
505 3353 613 3435 epulas
634 3351 705 3436 ipsa
725 3350 872 3416 ministra
916 3357 993 3417 erat.

89 3431 216 3499 'Haec
263 3433 270 3448 ’
298 3432 490 3519 'fingebam
503 3457 584 3518 quae
596 3456 683 3500 nunc
693 3434 861 3520 Eurusque
904 3440 1037 3521 61116666
1059 3445 1092 3497 35

165 3515 273 3582 Iactat
295 3515 443 3584 odoratos
465 3523 539 3584 vota
559 3541 619 3604 661
638 3517 817 3586 Armenios.
982 3529 987 3536 ’
