2666 4138
212 251 288 300 xxx
606 201 819 292 PRAEFATIO.

212 407 288 468 fines
307 423 449 466 sensuum
468 419 503 464 aa
521 421 712 463 numerorum
733 401 938 464 vehementius
963 400 1184 477 discreparent

213 490 301 549 Vnde
314 507 382 550 raro
397 488 508 562 evenit,
518 489 554 548 ut
567 504 688 546 caesura
698 504 802 546 versus
815 485 926 544 heroici
935 517 977 527 —
987 503 1057 544 nam
1073 505 1090 543 a
1102 505 1182 561 pen-

214 576 342 634 tametro
358 573 460 632 eadem
476 572 577 632 exulat
589 571 710 632 licentia
723 601 765 613 -
778 568 890 628 incidat
908 569 940 628 in
954 569 1182 630 coniunctiones

213 657 434 734 monosyllabas
449 656 512 716 aive
526 653 774 730 praepositionem
794 655 948 731 praeterea
960 653 1017 722 bis,
1037 671 1098 712 non
1112 671 1181 713 sae·

213 742 297 818 pius,
323 740 444 902 gpvius
464 739 687 814 interpunctum
707 737 778 814 post
796 737 904 814 pedem
923 737 1060 814 quintum
1082 732 1123 816 [1.
1146 739 1184 812 1,

296 926 358 968 nen
373 925 428 983 ego
443 906 558 966 laudari
573 923 652 980 curo,
667 923 735 964 mea
748 905 849 966 Delia:
867 909 960 964 tecum

340 991 499 1050 dummodo
515 993 580 1064 sim,
596 1007 705 1066 quaeso
721 989 820 1065 segnis
834 989 972 1064 inersque
987 1005 1084 1048 vocer.

284 1094 373 1151 quae
387 1078 441 1134 tua
454 1075 601 1136 formosos
616 1075 695 1149 cepit
708 1073 857 1132 sollertia:
874 1078 946 1133 certa

339 1177 401 1219 ncn
414 1159 472 1218 tibi
486 1160 579 1217 barba
592 1158 678 1232 nitet,
693 1175 756 1216 non
768 1156 826 1216 tibi
840 1157 920 1216 culta
934 1158 1055 1215 comest.

276 1243 377 1302 Finito
393 1244 492 1300 autem
507 1241 633 1302 disticho
647 1242 728 1299 amat
742 1239 905 1300 sententiae
920 1239 1069 1316 quoddam
1082 1240 1182 1300 inter-

215 1326 331 1388 stitium
346 1325 430 1400 adici,
446 1325 526 1401 quod
539 1325 779 1400 interpunctione
793 1323 979 1400 exprimitur.

276 1409 381 1484 Neque
399 1427 471 1468 vero
491 1409 633 1467 minutias
654 1409 731 1467 tales
745 1408 836 1467 taedii
850 1410 897 1468 sat
910 1409 1014 1485 plenas
1028 1425 1095 1468 cum
1108 1409 1183 1484 pul·

214 1493 329 1554 viscalc
342 1492 391 1550 hic
404 1492 462 1551 loci
476 1491 631 1550 exhaurire
644 1492 738 1568 gestit
752 1493 877 1552 animus.

279 1575 429 1652 Synizesis
450 1593 526 1650 quae
551 1576 647 1634 oritur
671 1575 682 1632 i
707 1577 756 1634 vel
779 1596 799 1634 u
818 1577 941 1635 mutatis
961 1576 994 1634 in
1016 1593 1180 1636 consonam
1207 1617 1212 1622 -

214 1661 307 1734 nulla,
324 1659 502 1719 Graecanica
514 1657 642 1718 habetur
655 1660 748 1718 semel
764 1655 815 1738 [11‚
834 1662 861 1733 1,
876 1655 929 1738 49]

340 1762 410 1803 rure
424 1743 499 1803 levis
514 1761 606 1803 verno
620 1743 708 1802 flores
723 1744 786 1819 apis
801 1744 913 1819 ingerit
927 1743 1015 1803 aiam.

279 1827 449 1886 Dihaeresis
464 1827 571 1886 accidit
584 1827 616 1885 in
630 1827 690 1886 illis
708 1822 743 1906 [1‚
760 1829 788 1899 7,
806 1828 834 1885 2.
852 1829 900 1900 10,
918 1828 967 1886 62.
987 1825 1058 1901 ΠΠ,
1075 1827 1104 1900 5,
1121 1821 1179 1906 16]

217 1912 412 1981 desolanda,
427 1912 599 1984 dissoluisse,
615 1912 741 1972 soluisse.
772 1909 818 1970 Of.
835 1911 863 1968 d.
878 1930 903 1968 r.
919 1929 959 1968 m.
976 1911 1047 1970 262.

278 1995 315 2054 In
335 1995 508 2055 elisionibus
530 1995 702 2054 adhibendis
722 1996 833 2070 quanta
857 1995 949 2053 fuerit
975 1995 1071 2053 cautio
1091 1993 1180 2053 Albii

215 2079 276 2138 iam
304 2079 391 2138 facile
418 2078 588 2154 apparebit,
618 2081 776 2153 postquam
803 2067 933 2154 piurima
954 2077 1090 2136 licentiae
1110 2079 1180 2138 eius

217 2163 352 2236 exempla
370 2164 508 2220 naneae
526 2180 586 2220 una
599 2162 705 2221 vocula
726 2161 790 2222 ‘cst'
806 2163 989 2222 sustulimus.
1018 2161 1181 2220 Praeterea

216 2245 365 2304 monenda
377 2243 463 2304 haec:

279 2328 434 2403 Nusquam
454 2326 606 2388 eliduntur
624 2329 760 2402 iambica,
780 2348 926 2405 nusquam
942 2329 1058 2402 cretica,
1079 2346 1180 2404 neque

216 2412 363 2488 dactylica
382 2430 457 2488 quas
476 2411 509 2470 in
522 2431 554 2471 m
568 2415 683 2472 exeant.
713 2412 775 2471 Nee
789 2431 860 2473 vere
875 2413 1059 2489 pyrrichiaca
1072 2412 1180 2472 eadem

216 2497 317 2554 littera
336 2494 421 2554 finita
443 2495 655 2572 synaloepham
674 2496 830 2572 patiuntur
848 2498 1023 2572 insequente
1041 2499 1182 2571 correpta

215 2579 266 2639 vel
280 2581 374 2637 acuta.
403 2578 497 2638 Porro
517 2598 579 2638 non
603 2580 755 2639 eliduntur
775 2581 982 2656 monosyllaba
995 2581 1180 2656 longainse-

217 2665 326 2738 quante
340 2663 434 2736 brevi,
449 2679 505 2721 nec
518 2662 677 2737 spondiaca
691 2664 794 2722 eadem
815 2663 985 2724 condicione
998 2665 1057 2724 nisi
1071 2666 1182 2738 quater

217 2746 250 2806 in
263 2746 360 2821 prima
374 2745 461 2818 thesi,
483 2745 576 2806 semel
590 2746 622 2822 in
636 2749 742 2822 quarta
755 2745 780 2822 1,
797 2748 826 2822 2,
839 2749 889 2808 89.
904 2747 945 2823 Π,
964 2751 991 2823 1,
1006 2749 1057 2807 41.
1072 2747 1127 2820 ΠΙ,
1142 2748 1179 2824 4,

217 2829 267 2888 49.
283 2829 354 2901 IIII,
373 2831 400 2902 1,
418 2829 488 2889 175.
503 2829 555 2889 43.

279 2912 373 2990 Elisic
387 2912 420 2972 in
432 2913 531 2989 prima
544 2913 688 2975 ultimate
702 2915 817 2992 syllaba
830 2915 919 2975 metri
932 2917 1025 2976 nulla.
1040 2915 1175 2975 Praeter-

215 3015 252 3056 ea
265 2997 393 3057 maxime
407 2997 490 3058 locus
504 2999 702 3074 synaloephae
716 2999 749 3058 in
762 3000 859 3076 primo
880 2999 956 3076 pede
971 3003 1002 3058 et
1016 3001 1049 3060 in
1059 3002 1180 3076 quarte,

216 3099 305 3156 porro
319 3083 352 3141 in
366 3083 426 3142 arsi
441 3081 571 3156 secundi,
587 3084 796 3156 praeterquam
810 3083 861 3142 ubi
875 3083 1085 3143 trithemimeri
1098 3084 1181 3158 epti·

216 3168 314 3224 netur.
334 3197 376 3208 -
395 3165 548 3241 Nusquam
568 3168 669 3225 autem
689 3165 826 3226 Tibullus
845 3167 951 3244 longas
970 3170 1023 3226 aut
1035 3169 1068 3226 in
1081 3186 1112 3224 m
1127 3185 1181 3224 ex·

217 3252 322 3308 euntes
336 3251 453 3309 vocales
468 3250 554 3309 elidit
568 3269 586 3309 a
600 3249 698 3325 quinti
710 3250 780 3308 inde
794 3250 878 3326 pedis
895 3251 988 3326 thesi3
1011 3269 1066 3310 nec
1079 3251 1183 3326 magis

216 3332 369 3494 ippalterq
394 3334 575 3406 pentametri
602 3332 788 3394 hemistichia
816 3337 936 3410 praeter
963 3335 1020 3396 hoc
1046 3337 1182 3395 metrum

247 3415 357 3490 ,aec

368 3501 438 3575 post
452 3499 543 3558 etiam
558 3500 634 3561 callo
649 3519 681 3560 se
695 3501 868 3578 inplicuisse
882 3503 974 3564 volet.
