2632 4140
104 194 233 265 xvim]
500 191 608 248 meua
629 192 677 248 m.
1031 186 1072 249 47

216 353 394 420 Custodum
417 356 450 418 et
469 353 558 418 nullo
581 356 693 438 saepta
713 353 844 435 timore,
865 353 978 437 placei.

172 437 234 504 Cui
245 459 339 522 saepe
352 437 506 502 inmundo
519 437 615 502 Saura
626 438 800 502 conteritur
810 436 873 502 Via
887 457 996 520 socco,
1041 449 1073 500 15

215 521 284 587 Nee
306 522 384 586 sinit
406 543 474 586 esse
495 542 633 604 moram,
656 521 755 605 siquis
777 520 864 586 adire
885 521 971 586 velit.

172 603 307 670 Differat
321 605 401 672 haee
410 627 584 690 numquam
597 626 657 670 nee
668 608 779 689 poseei
787 605 926 690 garrula,
942 605 1074 689 quodie

178 727 182 738 ν
215 689 376 754 Astraeus
398 689 504 774 ploret
524 711 618 774 saepe
640 689 765 754 dedisse
785 692 891 774 pater,

171 773 205 840 N
206 795 241 838 ee
256 773 341 838 dicei
355 775 469 840 ‘timeo
475 821 484 857 ‚
499 793 637 870 propera
650 773 715 837 iam
730 793 874 858 surgere,
890 793 1020 857 quaeso:
1111 779 1226 895 amr-0

1038 869 1073 918 ²⁰
1107 881 1182 959 aaa

214 857 347 940 Infelix,
369 856 465 922 hodie
486 879 535 922 v1r
555 856 635 922 mihr
656 879 728 922 rure
749 857 859 922 venit!

172 939 217 1007 Et
238 963 316 1026 quas
330 940 511 1024 Euphrates
526 943 559 1006 eu
573 963 650 1024 quas
672 941 751 1004 mihi
773 941 862 1006 misit
876 939 1030 1024 Orontes,
1110 985 1185 998 -..

123 1089 126 1096 .
215 1025 268 1090 Me
289 1025 421 1090 inerint:
443 1025 544 1090 nolim
566 1023 651 1089 fura
671 1025 787 1108 pudiea
806 1023 884 1108 tori3

40 1135 44 1140 ·
145 1133 148 1138 ·
171 1107 315 1174 Libertas
338 1109 490 1192 quoniam
510 1109 592 1172 nulli
613 1107 677 1174 iam
698 1111 798 1172 restat
819 1108 953 1173 amanti:

216 1189 344 1281 [Nullus
365 1193 446 1257 liber
468 1193 544 1276 erit,
566 1193 665 1276 siquis
687 1213 793 1256 amare
815 1189 923 1279 volet].
1058 1239 1060 1243 ψ

517 1321 659 1333 ..----

436 1405 557 1480 xvur
584 1405 762 1499 [rrum.

172 1526 239 1592 ‘Tu
260 1527 414 1613 loqueris,
437 1550 509 1592 eum
531 1529 574 1592 sis
597 1529 661 1592 iam
682 1532 760 1593 noto
783 1528 890 1593 fabula
910 1528 993 1593 libro

213 1611 259 1676 Er
278 1616 334 1678 tua
355 1612 400 1678 sir
418 1615 488 1677 toto
511 1611 650 1695 Cynthia
670 1612 754 1676 lecta
773 1612 860 1677 foro:
1015 1669 1021 1697 2

81 1731 87 1739 ·
172 1693 232 1762 cni
253 1716 320 1762 non
341 1697 391 1761 his
413 1696 518 1762 verbis
540 1699 689 1780 aspergat
707 1699 852 1779 tempora
873 1695 990 1760 sudor?
1004 1682 1028 1755 fs

214 1778 303 1845 Haut
323 1779 425 1864 pudor
439 1780 473 1844 in
497 1779 601 1862 enuis,
625 1778 706 1844 haut
717 1777 896 1844 reticendus
916 1783 1027 1842 amor!

173 1862 265 1940 Quod
286 1865 315 1928 si
335 1867 402 1928 tam
422 1863 486 1928 faor
502 1864 527 1926 's
550 1863 685 1946 spiraret
706 1861 845 1946 Cynthia
865 1861 974 1944 nobis,
1052 1873 1069 1922 a

214 1945 290 2014 Non
312 1969 372 2033 ego
393 1947 553 2031 nequiiiae
576 1945 696 2011 dicerer
717 1967 786 2010 esse
808 1949 917 2030 eaput,

173 2031 241 2097 Nee
263 2031 309 2097 sia
330 2053 388 2118 per
408 2034 509 2096 totam
531 2029 660 2096 infamis
682 2029 863 2094 traducerer
883 2029 1010 2115 urbem,

214 2115 330 2181 Vrerer
351 2119 384 2181 et
405 2115 565 2213 quamvis,
588 2114 718 2178 nomine
739 2113 836 2179 verba
857 2113 972 2178 darem.

173 2199 275 2276 Quare
295 2220 337 2266 na
359 2199 419 2264 rib1
441 2199 484 2264 siu
504 2198 619 2264 mirum
640 2220 692 2264 me
714 2219 862 2282 quaerere
883 2198 976 2262 viles:
1057 2198 1059 2203 ’

99 2294 107 2305 ’
213 2281 343 2350 Persius
364 2283 535 2348 infamant:
557 2304 636 2348 num
656 2282 717 2347 tibi
739 2303 832 2347 eausa
854 2281 956 2346 levis?
1038 2293 1071 2343 10

172 2365 217 2432 Et
237 2367 333 2432 modo
378 2368 487 2432 avonis
510 2365 626 2430 caudae
647 2366 774 2430 flabella
795 2387 831 2430 su
855 2365 947 2429 erbae

212 2451 258 2516 Et
277 2391 424 2516 manrirus
446 2450 525 2516 dura
544 2451 647 2536 frigus
668 2449 785 2514 habere
805 2388 872 2534 pia

172 2533 217 2600 m
238 2536 326 2620 eupit
346 2535 462 2600 irarum
483 2535 566 2600 iales
587 2556 638 2599 me
660 2553 790 2618 poscere
813 2533 964 2617 eburnos,

214 2619 362 2703 Quaeque
382 2620 489 2684 nitent
510 2618 607 2684 Sacra
627 2618 703 2684 vilia
723 2618 809 2684 dona
830 2615 900 2682 Via.

171 2703 203 2768 A
237 2725 355 2787 aream,
373 2704 400 2768 si
415 2725 467 2768 me
478 2703 541 2768 ista
553 2705 684 2769 movent
694 2701 874 2788 dispendia:
897 2700 952 2766 sed
963 2720 1014 2766 me
1036 2712 1071 2762 la

213 2727 331 2854 iaus
355 2787 502 2852 dominae
517 2791 587 2854 iam
607 2787 706 2872 pudet
727 2807 796 2852 esse
817 2786 933 2851 iocum.

516 3001 664 3075 XVHH.

172 3122 243 3188 Hoc
265 3128 334 3190 erai
354 3125 389 3189 in
410 3124 522 3209 primis
538 3123 623 3209 quod
637 3145 688 3188 me
744 3121 840 3188 udere
861 3120 1014 3186 iubebas?

215 3207 293 3272 Tam
315 3212 347 3273 te
369 3208 542 3274 formosam
562 3229 629 3272 non
650 3229 694 3290 pu
716 3209 748 3270 ei
769 3227 838 3272 esse
859 3205 983 3270 levem?

171 3287 245 3356 Vna
260 3295 315 3356 aut
329 3292 430 3357 altera
443 3313 507 3356 nox
520 3290 696 3356 nondumsr
709 3291 744 3354 in
759 3310 865 3355 amore
879 3293 1024 3374 peraeta,

214 3373 258 3438 Et
279 3375 367 3440 dicor
388 3376 473 3442 lecto
495 3375 559 3439 iam
579 3374 686 3460 gravis
708 3395 776 3438 esse
797 3377 861 3440 tuo.
1034 3387 1070 3436 20

137 3474 156 3524 5
174 3457 228 3524 Me
250 3459 345 3524 modo
367 3458 519 3524 laudabas
542 3461 575 3524 et
595 3457 737 3523 earmina
756 3462 867 3523 nostra
887 3457 1031 3544 legebas:
