2636 4146
103 195 157 292 ra·
503 193 611 248 arasa
631 193 665 249 v.
803 235 806 240 ,
1028 187 1070 251 00

104 353 251 419 ‘Iunonis
272 354 371 419 facito
393 357 503 419 votum
524 356 726 438 inpetrabile'
750 355 830 421 dixi:

23 489 25 512 ,
147 437 208 502 1110
229 439 331 522 parit:
353 439 444 503 libris
467 443 516 504 est
537 440 611 503 data
631 441 740 523 palma
761 441 850 504 meis.

23 525 25 606 J
103 521 177 587 Hoc
198 541 302 606 neque
324 543 493 586 arenosum
512 521 632 606 Libyae
653 522 739 588 Iovis
762 523 901 608 explicat
922 526 1048 590 antrum

23 639 24 674 3
146 607 215 670 Aut
236 606 299 670 sibi
322 607 498 672 conmissos
520 607 600 670 fibra
621 607 726 672 locuta
748 607 833 690 deos,

107 691 176 754 Aut
197 690 297 774 siquis
318 695 423 755 motas
445 691 582 756 cornicis
604 691 742 756 senserit
763 691 844 774 alas,
1020 703 1069 754 105
1182 729 1183 736 1

146 771 309 839 Vmbraue
331 795 411 857 quae
432 775 565 859 magicis
586 777 712 838 mortua
732 775 839 858 prodit
861 777 962 860 aquis.

104 857 325 941 Adspicienda
345 859 428 923 viaet
450 859 531 924 caeli
551 879 705 943 verusque
727 881 785 942 per
806 863 892 924 astra

148 941 280 1006 Tramas
303 944 337 1005 01
358 943 398 1006 ab
419 943 509 1006 zonis
532 943 672 1026 quinque
693 943 833 1026 petenda
853 943 941 1008 fides.

105 1027 300 1110 Exemplum
321 1048 418 1110 grave
440 1025 502 1090 erit
517 1025 665 1092 Calchas:
689 1049 826 1110 namque
841 1029 958 1092 Aulide
973 1029 1070 1093 solvit

149 1109 209 1174 Ille
230 1111 312 1174 bene
334 1110 500 1174 haerentes
522 1111 562 1174 ad
583 1109 637 1194 pia
658 1131 735 1174 saxa
754 1114 854 1176 rates:
1007 1125 1069 1192 110
1087 1169 1091 1177 ,

105 1193 196 1258 Idem
219 1195 495 1278 Agamemnoniae
509 1195 628 1258 ferrum
650 1195 771 1260 cervice
814 1197 916 1261 uellae

148 1277 275 1360 linxit,
300 1281 332 1342 01
353 1278 483 1343 Atrides
505 1279 576 1343 vela
598 1281 729 1343 cruenta
751 1217 854 1344 dedit:

106 1361 177 1426 Nec
197 1362 319 1426 rediere
340 1366 449 1427 tamen
471 1363 588 1427 Danai:
611 1366 647 1426 10
669 1362 775 1427 diruta
795 1363 906 1428 fletum

150 1444 319 1542 Supprime
341 1451 373 1510 et
393 1445 554 1512 Euboicos
576 1446 708 1530 respice,
730 1447 835 1532 Troia,
859 1449 956 1514 sinus.

106 1529 264 1613 Nauphus
286 1531 406 1595 ultores
428 1531 487 1595 sub
508 1535 636 1600 noctem
657 1531 795 1616 porrigit
815 1532 922 1617 ignee,
1021 1546 1070 1596 115

149 1613 194 1678 Et
215 1617 306 1678 natat
329 1615 449 1678 exuviis
473 1614 606 1680 Graecia
627 1636 737 1698 pressa
759 1615 834 1679 suis.

107 1697 220 1762 Victor
243 1695 376 1782 Oiliade,
398 1719 474 1782 rape
495 1721 583 1762 nunc
605 1705 637 1763 01
658 1697 756 1782 dilige
776 1703 893 1782 vatem,

150 1781 262 1857 Quam.
274 1785 362 1846 vetat
383 1783 477 1848 avelli
499 1785 585 1846 veste
606 1781 752 1846 Minerva
772 1804 838 1846 sua.
951 1805 954 1810 ·

106 1864 272 1930 Hactenus
294 1865 462 1935 historiae:
485 1887 570 1931 nunc
592 1866 631 1929 ad
653 1868 709 1930 100
730 1865 868 1932 deuehar
889 1871 992 1932 astra:

149 1949 261 2034 Incipe
282 1955 319 2014 10
342 1951 481 2015 lacrimis
504 1971 622 2034 aequus
637 1950 747 2014 adesse
762 1951 863 2014 novis.
1021 1965 1070 2014 110

107 2033 240 2098 Vmbria
261 2037 294 2098 te
315 2035 402 2098 notis
425 2036 556 2119 antiqua
576 2034 750 2100 Penatibus
773 2033 854 2118 edit,

152 2117 329 2204 (Mentiorl
352 2141 394 2184 an
415 2119 538 2203 patriae
561 2119 706 2204 tangitur
724 2126 784 2183 010
804 2119 916 2206 10001)

96 2200 178 2278 Ξ1100
198 2202 353 2267 nebulosa
375 2223 451 2268 cavo
474 2206 562 2278 rorat
583 2203 731 2268 Mevania
752 2225 880 2288 campo,

148 2285 301 2350 0111111
323 2288 499 2352 0001101001
521 2287 736 2371 tepethbc'r
757 2289 864 2371 aquis,

98 2369 358 2454 chandentisque
379 2371 468 2434 Asisi
490 2371 655 2456 consurgit
675 2371 793 2435 vertice
815 2392 940 2456 murus,
1021 2387 1069 2436 125

149 2453 260 2518 Murus
282 2454 322 2518 ab
344 2453 474 2540 ingenio
496 2455 604 2542 notior
625 2455 679 2518 ille
701 2459 767 2519 tuo.

96 2537 250 2622 iOssaque
272 2539 381 2624 legisti
402 2560 470 2604 non
491 2540 548 2604 illa
569 2542 674 2604 aetate
696 2539 832 2624 legenda
933 2609 935 2612 ,

95 2669 96 2672 ,
148 2621 255 2688 Patris
278 2623 366 2688 etin
387 2627 499 2689 tenues
521 2623 646 2710 cogeris
667 2623 736 2708 ipse
754 2622 865 2688 Lares:
992 2683 996 2690 .

88 2703 191 2784 tNam
211 2709 268 2770 tua
290 2727 361 2771 cum
382 2709 475 2772 multi
497 2711 661 2775 versarent
681 2730 755 2772 rura
776 2707 915 2792 iuvenci,

148 2790 295 2856 Abstulit
315 2791 455 2857 excultas
476 2795 598 2877 pertica
618 2790 721 2856 tristis
744 2813 829 2877 opes.
1021 2809 1069 2858 100

105 2873 183 2938 Mox
204 2875 261 2938 ubi
281 2875 370 2941 bulla
390 2876 461 2940 rudi
482 2877 650 2942 demissast
670 2897 765 2940 aurea
786 2876 884 2958 collo,

148 2957 263 3022 Matris
286 2962 319 3023 et
339 2963 413 3024 ante
436 2960 511 3024 deos
533 2961 634 3024 libera
656 2981 725 3024 sum
748 2963 782 3022 ta
803 2961 893 3042 toga,
960 3029 966 3040 ⁸

106 3041 189 3106 Turn
210 3042 271 3106 tibi
291 3064 392 3128 pauca
413 3065 470 3108 suo
493 3045 531 3110 de
554 3044 694 3109 carmine
740 3042 816 3106 'ctat
837 3043 955 3126 Apollo

148 3125 193 3190 Et
214 3129 302 3190 vetat
322 3128 436 3192 insano
458 3129 555 3193 verba
575 3133 688 3193 tonare
710 3127 791 3192 foro.

104 3211 153 3274 At
172 3214 209 3274 tu
230 3210 317 3296 finge
339 3212 464 3297 elegos,
479 3213 585 3277 ‘fallax
607 3233 696 3297 opus,
718 3210 797 3276 haec
811 3211 867 3272 tua
882 3215 995 3296 castra,
1019 3227 1066 3277 13⁵

149 3293 274 3359 Scribat
294 3297 332 3359 ut
354 3296 498 3380 exemplo
521 3299 625 3361 cetera
645 3296 739 3360 turba
759 3298 827 3358 100.

104 3377 256 3442 Militiam
277 3377 412 3444 Veneris
434 3379 558 3444 blandis
580 3380 700 3464 patiere
723 3379 781 3442 sub
803 3381 901 3446 armis

146 3461 193 3528 Et
214 3460 348 3532 Veneris
369 3464 477 3548 pueris
499 3463 588 3528 utilis
609 3463 712 3528 hostis
735 3462 809 3528 cris.
