2666 4138
227 245 272 310 30
643 248 794 304 TIBVLLI.

333 412 395 476 Illa
417 433 494 476 ιιιι
553 411 651 475 etium
672 409 797 508 flagitat
817 429 917 492 usque
938 429 1045 474 mann.

245 509 276 558 15
292 495 340 560 Ite
362 496 489 581 procul,
510 434 635 578 ddusae,
658 495 686 559 ai
707 515 775 558 non
795 493 955 577 prodestis
978 495 1115 558 amanti:

336 580 413 646 Non
435 601 495 664 ego
517 601 590 662 vos,
611 543 649 644 ιιι
669 579 735 642 sint
755 577 840 642 bella
862 577 1017 660 canenda,
1041 579 1127 660 colo,

293 664 363 730 Nec
384 665 490 728 refero
513 664 652 746 solisque
673 662 743 726 vias
764 665 797 726 et
818 661 935 758 qualis,
958 625 1017 726 ubi
1036 627 1146 727 orbein

337 747 429 831 Oonp
430 747 521 830 levit,
543 747 642 811 versis
663 745 755 810 Luna
774 745 910 818 recurrit
931 746 1030 829 equis.

294 831 347 896 Ad
369 771 528 896 dominari
551 830 662 895 faciles
688 831 792 894 aditus
842 851 875 894 er
898 830 1039 894 carmina
1060 850 1198 913 quaero.

245 929 279 978 ιο
335 916 383 980 lte
351 915 531 1000 t,procul
553 913 678 997 Musae,
701 915 728 978 si
720 853 862 977 'nihii
852 913 914 978 ista
935 915 1051 978 valent.

293 1001 339 1084 A,
361 999 441 1064 mihi
456 1021 512 1082 per
528 999 702 1063 caedemet
687 997 840 1062 tfacinus
855 999 931 1062 sunt
945 997 1028 1062 dona
1041 998 1195 1082 paranda,

250 1009 339 1179 Η
335 1084 418 1150 Νι
408 1105 528 1148 iaceam
550 1083 689 1147 clausam
709 1082 824 1146 flebilis
846 1085 920 1146 ante
943 1021 1086 1146 domuiri:

294 1169 416 1232 Antra
439 1169 503 1232 iam
525 1189 678 1251 suspensa
699 1166 797 1230 sacris
818 1165 958 1250 insignia
978 1165 1078 1230 fanis:

337 1252 400 1317 sed
453 1273 594 1316 enusan
594 1255 626 1315 θ
594 1251 728 1314 ahos
751 1253 800 1314 est
820 1250 968 1314 violanda
988 1249 1076 1314 mihi

246 1347 279 1398 25
293 1334 355 1400 Illa
376 1335 496 1400 malum
517 1335 642 1399 facinus
663 1333 775 1400 suadet
801 1333 1024 1431 dominamque
1045 1355 1192 1418 rapacem

335 1423 398 1484 Dat
415 1419 513 1484 mihi.
536 1419 705 1503 sacrilegas
728 1419 846 1483 sentiat
866 1419 923 1482 illa
943 1439 1065 1482 manus.

294 1502 322 1568 0
367 1507 467 1586 areat,
495 1505 683 1587 quicumque
704 1503 785 1599 legit
805 1502 983 1600 viridesque
1006 1503 1194 1587 smaragdos

336 1527 467 1652 ιι
401 1587 527 1652 niveam
548 1587 644 1670 Tyrio
666 1608 786 1654 murrae
807 1586 906 1671 tingit
926 1607 1027 1651 ovem.

293 1671 380 1736 Hinc
401 1671 456 1736 dat
441 1672 625 1737 tavaritiae
647 1693 756 1736 causas
779 1674 812 1736 et
833 1670 900 1736 (loa
919 1672 1034 1768 puellis

246 1769 279 1818 ao
336 1755 445 1821 Vestis
466 1759 499 1820 ιι
520 1779 537 1821 θ
558 1755 654 1821 rubro
676 1755 782 1820 lueida
807 1754 929 1820 concha
949 1755 1037 1819 mari.

292 1839 383 1905 Haeo
404 1841 507 1905 fecere
528 1841 644 1905 malas:
665 1839 742 1904 hinc
764 1839 908 1904 clavim
899 1861 995 1904 ianua
1016 1841 1118 1906 sensit

334 1925 380 1989 Et
401 1926 506 2009 coepit
526 1928 631 2022 custos
652 1924 772 1988 liminis
794 1945 863 1988 esse
885 1925 982 1988 oanis.

294 2008 356 2074 Sed
378 2011 516 2093 pretium
538 2010 566 2074 si
586 2005 707 2094 grande
728 2009 826 2092 feras,
849 2008 992 2072 custodia
1013 2008 1063 2072 ιιι
1064 2011 1143 2090 test,

334 2091 404 2158 Neo
423 2093 596 2189 prohibent
618 2093 735 2174 claves,
758 2095 791 2156 ιι
813 2057 899 2156 danis
920 2093 988 2175 ipae
1010 2095 1104 2156 tacet.

243 2187 275 2236 ιι
290 2175 363 2239 Heu
384 2177 572 2258 quicumque
594 2175 680 2239 dedit
701 2139 837 2240 fdrmam
860 2177 1004 2240 caelestis
1025 2196 1155 2260 avarae,

283 2258 434 2334 Quale
455 2259 575 2356 bonum
596 2260 705 2324 multis
727 2261 836 2324 attulit
855 2261 910 2324 ille
931 2261 1036 2324 malis!

291 2342 377 2406 Hinc
398 2343 538 2408 fletus
512 2365 660 2427 rixaeque
682 2347 813 2428 sonant,
838 2343 917 2408 haec
938 2345 1073 2428 denique
1096 2365 1194 2410 eausa

333 2427 480 2492 Fecitt
444 2431 480 2492 ut
501 2428 630 2492 infamis
654 2429 701 2492 sic
722 2393 813 2492 deus
822 2433 905 2492 esset
891 2429 1036 2492 tAmor

291 2511 337 2575 At
357 2511 417 2574 tibi
424 2533 536 2596 ,quae
557 2512 660 2596 pretio
682 2512 748 2576 ιιιι
749 2533 784 2576 os
734 2511 946 2576 texcludis
968 2515 1125 2597 amantes,

241 2608 275 2656 ιι
330 2595 478 2679 Eripiant
498 2600 606 2693 partas
627 2599 740 2660 ventus
763 2597 902 2681 et1gnis
924 2618 1016 2680 epea.

291 2678 376 2755 Quin
396 2683 452 2744 tua
472 2681 571 2746 ιιιιιι
562 2701 692 2744 ruvenes
714 2683 860 2763 spectent
880 2680 1028 2745 incendia
1049 2681 1123 2744 1ιιι
1098 2684 1139 2764 ιι,

332 2763 401 2830 Nec
423 2765 588 2861 quisquam
609 2763 755 2829 fiammae
777 2764 902 2829 sedulus
925 2765 1021 2829 addat
1042 2786 1166 2849 aquam.

292 2847 354 2913 Seu
375 2849 483 2912 veniet
503 2849 564 2912 tibi
584 2869 685 2932 mors,
707 2870 767 2912 nec
789 2850 850 2914 erit
871 2849 925 2932 qui
947 2850 1057 2946 lugeat
1076 2849 1179 2933 ullae,

331 2931 402 2997 Nec
423 2932 478 3015 qui
499 2933 553 2996 det
573 2936 709 2998 maestas
731 2955 846 2998 munus
866 2933 902 2998 ιιι
924 2954 980 2998 exe
1003 2933 1080 2998 uias.

241 3029 274 3078 ιι
289 3017 335 3080 At
355 3017 441 3080 bona
462 3037 541 3100 quae
562 3039 622 3081 nee
644 3039 738 3080 avara
759 3017 829 3100 fuit,
806 3021 980 3082 tcentum
1010 3019 1070 3081 cet
1084 3038 1191 3082 annos

333 3099 473 3184 Vixerit,
495 3100 658 3164 ardentem
679 3101 882 3166 flebiturt
826 3105 900 3166 ante
921 3123 1050 3186 rogum.

289 3187 396 3268 Atque
419 3185 532 3272 aliquis
555 3186 661 3250 senior
681 3188 803 3250 veteres
825 3190 992 3250 veneratus
1014 3206 1138 3250 amores

332 3272 450 3332 Annua
472 3273 653 3334 constructo
677 3273 761 3334 serta
782 3269 871 3334 dabit
891 3270 1013 3335 tumulo

290 3351 335 3417 nt
357 3351 470 3416 bene’
494 3353 658 3420 discedens
680 3354 764 3420 dicet
787 3354 996 3452 placideque
1011 3353 1176 3438 quiescas,

242 3450 274 3498 ιο
331 3435 490 3519 Terraque
513 3459 640 3502 securae
663 3441 705 3501 sit
726 3459 820 3522 super
842 3459 915 3503 ossa
935 3437 1037 3502 lavis!

290 3519 375 3586 Vera
390 3519 516 3602 quidem
530 3542 660 3604 moneo,
683 3522 739 3586 sed
757 3543 878 3605 prosun
877 3521 983 3608 tquid
996 3521 1076 3586 mihi
1090 3523 1194 3589 vera?
