2636 4146
232 169 273 234 88
605 175 798 231 enoeaeuu
1096 181 1200 250 [xxi.

282 337 370 424 Ergo
406 359 466 422 ego
501 359 588 402 nunc
622 338 709 402 rudis
744 337 872 485 Adriplci
908 337 1005 402 vehar
1035 343 1199 423 aequoris

848 443 883 487 os
908 444 941 486 es

325 505 372 572 Co
397 529 431 572 ar·
453 509 485 570 et
506 505 681 570 undisonos
702 526 789 571 nunc
810 444 905 590 precia)
927 471 1013 571 eilire
1035 507 1123 572 deos.

283 529 406 654 Deincie
428 612 485 674 per
505 587 632 654 Ionium
653 593 763 654 vectus
785 611 858 654 cum
878 590 965 656 fessa
985 589 1131 658 Lechaeo

235 689 268 738 20
326 674 450 740 Sedarit
470 673 597 757 placida
618 673 688 738 vela
709 673 858 758 phaselus
880 696 977 759 aqua,

285 758 377 835 Quod
392 761 550 841 superest,
571 757 699 822 sufferte
713 757 824 842 pedes,
839 761 1008 842 properate
1022 759 1170 824 laborem
1177 810 1193 844 ,

327 842 468 906 Isthmos
490 841 665 924 quaternis
688 845 776 906 arcet
795 845 964 926 utrumque
986 865 1080 906 mare.

284 927 363 992 Inde
384 926 439 990 ubi
461 923 564 989 Piraei
586 926 713 1010 capient
733 947 784 990 mc
806 926 915 991 littora
936 930 1060 1012 portus,

328 1009 483 1075 Soandam
505 1031 565 1093 ego
588 1008 728 1074 Theseae
749 1009 882 1082 brachia
903 1011 934 1074 lo
981 1033 1000 1074 a
1024 1012 1103 1074 viae.

231 1108 270 1156 ab
285 1095 355 1160 Illic
378 1097 433 1158 aut
453 1093 564 1164 stadiis
586 1094 727 1158 animum
749 1093 916 1159 emendare
937 1093 1081 1158 Patonis

264 1171 284 1264 ll
327 1177 483 1261 Incipiam
505 1180 560 1242 aut
579 1177 696 1261 hortis,
719 1177 812 1242 docte
831 1175 985 1260 Epicure,
1007 1178 1086 1260 tuis,

284 1261 459 1345 Persequar
474 1263 529 1326 aut
543 1259 683 1326 studium
697 1261 743 1326 lin
789 1283 835 1346 ae,
846 1260 1072 1326 Demosthenis
1084 1284 1192 1347 arma,

328 1345 514 1429 Libaboque
535 1349 622 1428 tuos,
646 1345 725 1410 scite
783 1345 937 1428 enandre,
959 1347 1055 1430 sales3

285 1431 353 1495 Aut
374 1433 458 1494 certe
480 1429 606 1492 tabulae
629 1429 755 1513 capient
775 1451 847 1494 mea
868 1430 988 1494 lumina
1009 1429 1114 1514 pictae

236 1527 271 1576 cc
327 1513 400 1579 Sive
422 1513 517 1577 ebore
538 1514 667 1577 exactae
689 1535 745 1578 seu
766 1515 869 1600 magis
892 1535 963 1580 aere
984 1535 1114 1597 manus;

286 1599 353 1662 Aut
374 1597 478 1681 spatia
499 1617 656 1662 annorum
670 1599 725 1662 aut
739 1592 837 1684 longa
850 1597 1019 1664 intervalla
1031 1597 1191 1682 profundi
1306 1667 1307 1672 γ

327 1681 489 1746 Lenibunt
509 1681 608 1746 tacito
630 1681 759 1746 volnera
779 1683 890 1748 nostra
912 1683 999 1746 sinu:

287 1765 349 1832 Seu
370 1765 502 1848 moriar,
524 1765 608 1849 fato,
630 1787 697 1830 non
718 1766 804 1850 turpi
825 1767 944 1830 fractus
966 1787 1088 1848 amore3

328 1851 435 1934 Atque
458 1849 518 1914 erit
538 1849 594 1914 illa
614 1849 695 1914 mihi
704 1851 827 1940 ‘mortis
849 1849 985 1915 honesta
1006 1849 1082 1914 dies.

1306 855 1307 902 l

1306 991 1307 1044 l

1306 1279 1307 1348 l

1306 1367 1307 1438 l

1306 1563 1307 1658 l

1306 1673 1307 1732 l

1306 1779 1307 1854 l

644 2065 756 2160 xxu.

286 2185 340 2249 Fri
367 2185 417 2250 ‘da
437 2189 505 2250 tam
526 2185 644 2250 multos
666 2186 787 2270 placuit
808 2186 867 2252 tibi
890 2184 1023 2270 Cyzicus
1045 2207 1169 2270 annos,

356 2269 436 2352 ulle,
458 2268 672 2354 Propontiaca
693 2291 755 2354 qua
775 2271 847 2334 fluit
866 2269 1007 2337 Isthmos
1029 2291 1127 2354 aqua,

286 2350 466 2438 Dindymus
488 2357 521 2418 et
541 2373 631 2419 sacra
651 2353 838 2420 fabricatae
860 2354 924 2418 vite
947 2352 1088 2438 Cybebe,

328 2436 542 2524 Raptcrisque
563 2437 638 2504 tulit
659 2459 721 2522 qua
742 2437 793 2502 via
813 2437 899 2502 Ditis
922 2459 1033 2536 equos5

260 2520 326 2586 bSi
346 2524 379 2586 te
400 2521 484 2586 forte
505 2522 616 2587 iuvent
636 2521 746 2588 Helles
769 2522 1015 2590 Athamantidos
1037 2522 1151 2605 urbes,

168 2630 172 2638 ·
330 2605 400 2670 Nec
421 2605 592 2689 desiderio,
616 2605 722 2690 Tulle,
745 2627 872 2671 movere
892 2627 974 2672 meaa

288 2687 337 2752 Tu
347 2687 434 2752 'licet
456 2689 592 2774 aspicias
614 2691 736 2756 caelum
751 2712 844 2755 omne
859 2691 994 2756 Atlante
1010 2692 1193 2776 gerentem,

331 2770 484 2858 Sectaque
505 2771 621 2838 Persea
641 2773 816 2840 Phorcidos
838 2795 895 2839 ora
915 2797 1028 2857 manu,

288 2855 336 2920 Ge
374 2856 445 2920 onie
467 2857 591 2924 stabula
612 2861 645 2924 st
661 2859 843 2934 luctantum
864 2860 900 2923 in
920 2859 1049 2944 pulvere
1072 2857 1173 2942 signa

242 2942 274 3001 lo
364 2941 478 3006 erculis
499 2939 678 3027 Antaeique
699 2941 766 3008 Hes
790 2943 973 3040 aridumque
995 2939 1123 3021 choros,

227 3053 230 3057 ¹
288 3022 398 3173 Tnlque
420 3027 474 3090 tuo
497 3023 653 3092 Colchum
673 2966 833 3112 propeilas
854 3048 974 3113 rem1ge
997 3025 1135 3108 Phasin,

359 3108 536 3194 eliacaeque
556 3110 658 3186 trabis
678 3113 783 3176 totum
804 3111 864 3176 iter
885 3111 954 3194 ipse
976 3111 1080 3194 legas,

289 3191 359 3267 Qua
378 3191 466 3258 rudis
488 3193 599 3278 Argoa
619 3197 711 3258 natat
731 3196 816 3270 inter
838 3216 913 3260 saxa
935 3193 1082 3260 columba

330 3275 370 3340 In
390 3275 506 3346 faciem
549 3299 640 3342 roras
661 3278 756 3362 pinus
779 3278 891 3344 adacta
910 3299 1029 3360 novae,

241 3369 274 3420 lt
287 3357 332 3424 Et
353 3360 411 3444 sis,
435 3381 497 3444 qua
517 3299 651 3446 Crtygia
673 3365 706 3426 et
726 3363 857 3428 visenda
878 3361 1004 3427 estora
1025 3359 1172 3448 Caystri,
1210 3371 1214 3380 '

330 3441 375 3512 nt
396 3463 458 3528 qua
479 3446 626 3530 septenas
647 3449 804 3532 temperat
824 3445 910 3512 unda
931 3447 1013 3530 vias5
