2636 4146
227 223 268 288 ro
606 225 799 282 1110111111
1152 219 1203 295 [a

290 390 459 456 Persarum
480 389 593 454 statuit
613 387 780 472 Babylona
801 385 986 452 Semiramis
1007 385 1136 468 urbem,

332 473 379 538 Vt
400 473 537 539 solidum
559 475 649 538 cocto
671 472 800 536 tolleret
820 491 938 556 aggere
960 491 1054 554 opus,

289 558 334 625 Et
355 559 417 623 duo
439 559 474 622 in
495 557 661 622 adversum
683 555 772 620 missi
794 576 851 640 per
872 554 1000 618 moenia
1022 575 1133 619 currus

332 641 383 708 Ne
403 645 538 726 possent
557 643 643 704 tecto
666 640 823 724 stringere
843 639 884 702 eb
905 659 965 704 exe
986 638 1085 721 letus,

240 741 274 791 ao
289 725 390 792 Duxit
411 728 445 790 et
457 723 655 822 Euphratem
669 722 809 788 medium
847 744 911 806 qua
927 721 1071 788 condidit
1084 743 1196 804 arceo,
1298 755 1299 794 1

332 809 432 874 Iussit
452 812 485 874 ct
505 808 639 893 imperio
661 807 795 872 subdere
815 771 934 872 ilectre
955 809 1061 904 ceput.
1092 890 1099 902 ι
1141 891 1148 904 ·

290 893 374 960 Nem
396 893 472 978 quid
502 913 562 978 ego
589 890 718 976 heroes,
746 891 972 1040 quiddrppteem
995 913 1031 956 111
1056 911 1198 956 cnmrna

853 996 922 1040 lvos

332 1061 477 1147 Iuppiter
498 1060 634 1125 iniemet
652 1081 750 1158 seque
773 1081 924 1144 suamque
946 1059 1083 1124 domum.

292 1145 390 1230 Quid,
411 1144 507 1211 modo
530 1165 610 1230 quee
631 1147 750 1208 nostris
765 1143 937 1228 opprobrie
950 1144 1078 1207 rexerat
1090 1143 1196 1208 armis
1299 1187 1300 1234 3

240 1245 275 1295 30
330 1229 375 1296 Et
394 1228 532 1294 famulos
553 1229 637 1294 inter
657 1227 778 1293 femine
797 1229 874 1294 trita
895 1249 969 1292 suos

291 1313 442 1399 Coniugii
463 1312 613 1378 obsceeni
633 1311 770 1397 prelium
791 1311 937 1378 Romane
956 1311 1106 1396 poposcit

268 1445 272 1452 -
331 1396 461 1462 Moenia
481 1398 514 1460 et
534 1395 677 1461 addictos
697 1398 733 1461 in
752 1418 812 1461 sue
830 1419 931 1482 regne
950 1395 1071 1480 patres!

291 1481 397 1548 Noxie
417 1479 626 1564 Alexandria,
649 1480 731 1544 dolis
811 1482 817 1495 '
837 1481 916 1546 sime
936 1481 1047 1563 tellus,

334 1565 379 1629 Et
398 1564 517 1629 totiens
538 1567 650 1629 nostro
671 1563 780 1662 Memp
807 1565 813 1580 “
838 1567 968 1630 eruente
987 1563 1087 1647 melo,

242 1663 275 1712 eo
291 1650 369 1716 Tres
390 1649 447 1716 ubi
467 1647 620 1733 Pompeio
643 1649 781 1713 detraxit
799 1648 920 1714 herene
940 1646 1137 1732 triumphos!

332 1733 440 1798 Tollet
460 1733 550 1798 nulle
571 1732 639 1798 dies
660 1731 744 1798 hanc
765 1733 841 1816 tibi,
863 1732 979 1817 Roma,
1000 1736 1123 1796 notem.

290 1817 398 1884 issent
416 1816 594 1916 Phlegraeo
615 1817 728 1882 melius
750 1815 810 1881 tibi
831 1818 944 1882 funere
965 1836 1093 1899 cumpo,

332 1901 396 1966 Vel
415 1904 472 1966 tua
493 1923 521 1966 sr
543 1921 652 1967 socero
675 1901 758 1968 colle
780 1900 908 1966 daturus
930 1922 1009 1966 eree.

292 1985 420 2052 Scilicet
441 1985 556 2053 incesti
577 1985 728 2050 meretrix
747 1985 860 2070 regine
881 1983 1007 2068 Oeuepi

240 2085 276 2132 40
334 2069 421 2156 (Vne
441 2069 610 2154 Philippeo
635 2067 789 2156 sunguine
811 2069 924 2134 adusta
943 2069 1034 2155 nota)

290 2155 380 2219 Ause
399 2153 470 2220 Iovi
490 2157 601 2218 nostro
622 2153 792 2218 latrantem
813 2173 974 2238 opponere
994 2152 1145 2238 Anubin,

332 2235 378 2301 Et
397 2237 538 2302 Tiberim
559 2235 629 2302 Nili
650 2258 765 2323 cogere
785 2238 868 2302 ferre
889 2237 1009 2321 minse,
1046 2257 1050 2261 ·

290 2321 531 2406 Romenemque
552 2320 663 2386 tubam
684 2322 853 2406 crepitanti
873 2321 992 2406 pellere
1014 2321 1130 2406 sistro,

332 2403 468 2471 Beridos
490 2408 522 2470 et
543 2406 646 2470 contis
667 2409 771 2471 rostro
791 2404 932 2470 Liburna
952 2406 1055 2490 sequi,

242 2503 276 2552 45
290 2488 459 2574 Foedaque
480 2489 616 2574 Tarpeio
639 2490 774 2588 conopia
794 2490 925 2555 tendere
946 2511 1035 2572 saxo,

333 2573 408 2640 Iure
429 2573 504 2639 dere
526 2577 559 2638 et
579 2577 700 2639 statues
721 2577 805 2639 mter
826 2577 859 2640 et
877 2595 967 2639 erme
988 2573 1081 2640 Meri

292 2658 375 2734 Quid
396 2679 482 2722 nunc
503 2657 669 2742 Tarquinii
689 2659 806 2723 fructas
827 2659 915 2724 iuvet
935 2679 1004 2724 esse
1022 2679 1154 2724 secures
1160 2710 1174 2745 ,

332 2741 472 2826 Nomine
494 2763 588 2825 quem
610 2742 707 2807 simili
728 2743 794 2808 vite
814 2765 852 2808 su
908 2742 951 2807 be
970 2745 1076 2825 notet,

292 2824 327 2892 si
341 2826 455 2892 mulier
467 2825 618 2911 patienda
632 2826 715 2892 fuir?
737 2847 829 2912 cepe,
875 2849 961 2910 orne,
977 2825 1200 2913 triumphum,

241 2926 275 2973 so
330 2907 376 2975 Et
396 2909 528 2996 longum
550 2911 697 2996 Augusto
718 2911 808 2976 selva
827 2932 957 2996 precere
978 2910 1072 2975 diem.

290 2994 338 3060 su
364 2995 371 3008 ‘
407 2995 414 3008 '
436 2997 544 3060 temen
564 2995 601 3060 in
620 2993 726 3059 timidi
746 3015 830 3093 ruga
845 2995 982 3060 flumine
1001 2992 1084 3060 Nili:

290 3101 591 3249 erp
609 3077 1055 3260 1111111111

333 3245 378 3312 les
397 3246 522 3312 uehere
544 3247 704 3312 occultum
724 3248 867 3312 membre
887 3267 1011 3345 soporis
1032 3250 1103 3310 iter.

240 3343 274 3392 so
291 3329 388 3396 ‘Non
408 3329 485 3415 hoc,
506 3330 624 3415 Rome,
646 3331 694 3396 fui
714 3334 806 3397 tento
827 3331 888 3396 libi
910 3352 978 3396 erre
999 3330 1157 3396 uerende’

332 3411 425 3478 Dixit
445 3417 496 3478 ‘et
516 3413 649 3479 edsiduo
670 3415 782 3502 lingue
803 3415 929 3500 sepulte
948 3421 1059 3479 mero!

290 3496 420 3584 Septem
434 3498 509 3564 urbs
524 3498 589 3564 alte
602 3499 702 3585 iugis,
722 3502 792 3565 toto
808 3521 888 3585 queo
904 3497 1065 3585 praesidet
1079 3499 1175 3588 orbi,
