2632 4140
209 722 369 824 SEX.
406 727 862 844 PROPERTII

380 911 689 990 unuamavu
744 972 747 976 ,

331 1097 484 1159 ΜΒΕΒ
509 1099 722 1172 γΤΕῑιΤῑνε.
946 1095 1011 1186 [rr]

474 1317 493 1390 1
518 1319 594 1412 [ro.

58 1430 126 1513 Sed
146 1447 271 1530 tempus
294 1447 429 1512 lustrare
451 1449 521 1513 aliis
543 1448 700 1514 Helicona
722 1449 861 1533 choreis,

99 1529 142 1593 Et
163 1551 308 1614 campum
329 1530 478 1596 Emathio
501 1533 565 1597 iam
586 1533 660 1598 dare
681 1537 807 1618 tempus
830 1555 921 1618 equo.

56 1611 125 1677 Iam
147 1613 225 1678 tibet
246 1617 279 1678 et
298 1615 398 1680 fortes
419 1637 593 1681 memorare
616 1617 656 1680 ad
676 1619 797 1700 proelia
817 1621 937 1682 turmas

100 1695 143 1760 Et
162 1697 307 1764 Romana
327 1699 391 1763 mei
413 1699 515 1764 dicere
538 1703 647 1766 castra
662 1701 761 1765 ducis.

58 1780 149 1856 Quod
171 1781 198 1845 si
221 1781 368 1846 deficient
387 1783 486 1867 vires,
508 1783 639 1848 audacia
661 1788 745 1848 certe
996 1797 1013 1849 5

1 1924 3 1932 ,
99 1863 180 1928 Laus
203 1866 277 1930 erit:
300 1867 335 1930 in
356 1889 409 1930 ma
458 1868 483 1932 's
506 1871 539 1933 ct
559 1868 696 1932 voluisse
719 1870 769 1932 sat
790 1871 846 1932 est.

55 1949 154 2014 Aetas
176 1950 280 2032 prima
301 1953 394 2016 canat
445 1973 569 2034 encres,
593 1953 732 2016 extrema
752 1953 938 2036 tumultus,

1 2037 2 2088 ξ
99 2031 189 2096 Bella
211 2054 323 2098 canam
329 2085 338 2117 ,
363 2035 488 2118 quando
512 2035 629 2120 scripta
649 2036 756 2119 puella
776 2039 887 2100 meast.

1 2187 2 2194 ἵ
55 2113 152 2180 Nunc
172 2117 245 2182 volo
269 2117 422 2182 subducto
443 2120 571 2204 gravior
591 2119 761 2204 procedere
782 2120 886 2202 voltu,

98 2198 194 2266 Nunc
215 2201 310 2266 aliam
333 2202 486 2268 citharam
507 2225 558 2268 me
580 2225 652 2268 mea
673 2203 765 2268 Musa
786 2203 887 2268 docet.
981 2217 1013 2266 10

1 2335 2 2338 η
55 2283 168 2367 Surge,
184 2283 298 2368 anima,
314 2307 353 2350 ox
366 2285 481 2352 humili
494 2287 560 2352 iam
574 2287 722 2367 carmine,
739 2289 853 2352 sumite
869 2289 960 2370 vires,
1047 2321 1049 2324 ⁴

1 2363 2 2446 ᾗ
98 2367 253 2432 Pierides:
275 2391 328 2433 ma
374 2370 386 2434 i
406 2391 493 2434 nunc
514 2372 575 2434 erit
596 2371 660 2435 oris
682 2392 770 2454 opus.

1 2461 2 2484 ¹
53 2450 125 2515 Iam
146 2455 246 2540 negat
265 2391 445 2537 nuptiantes
467 2455 605 2539 equitem
625 2457 699 2538 post
718 2458 809 2538 terga
824 2456 911 2518 tueri

96 2535 289 2606 Parthorum
311 2541 344 2601 et
365 2536 497 2603 Crassos
519 2561 553 2602 se
573 2538 713 2603 tenuisse
735 2538 835 2604 dolet:
874 2544 878 2553 '

51 2617 150 2682 India
171 2621 261 2704 quin,
283 2621 443 2707 Auguste,
465 2625 521 2687 tuo
544 2621 600 2686 dat
621 2623 703 2688 colla
723 2622 899 2707 triumpho,
981 2633 1014 2685 lc

1 2707 2 2762 ἐ
95 2703 143 2766 Et
165 2703 276 2770 domus
298 2705 436 2771 intactae
457 2710 489 2770 te
510 2706 620 2771 tremit
640 2707 795 2772 Arabiae:

48 2787 97 2853 Ec
120 2788 213 2870 siqua
234 2789 381 2854 extremis
403 2791 499 2854 tellus
521 2811 554 2854 se
576 2789 735 2856 subtrahit
756 2792 835 2874 oris,

96 2869 224 2936 Sentiet
244 2873 299 2936 illa
320 2876 392 2938 tuas
414 2873 583 2959 postmodo
605 2877 698 2957 capta
718 2897 840 2940 manus.

26 2955 147 3018 Haec
169 2977 228 3040 ego
252 2959 355 3022 castra
376 2979 504 3041 sequar:
528 2960 615 3022 vates
636 2960 692 3021 tua
713 2961 816 3022 castra
838 2957 979 3022 canendo

93 3039 239 3124 Magnus
262 3062 331 3106 ero:
354 3045 480 3106 servent
500 3039 585 3105 hune
606 3039 687 3104 mihi
707 3041 774 3104 fata
796 3040 893 3105 diem!
982 3055 1016 3104 20

648 3141 666 3180 dt

525 3190 543 3228 δὲ

43 3241 94 3306 Vt
119 3245 220 3324 caput
241 3241 276 3305 in
297 3243 423 3328 magnis
444 3243 500 3306 ubi
521 3263 588 3306 non
610 3244 658 3306 est
678 3245 809 3326 tangere
831 3241 946 3326 signis,

88 3325 235 3391 Ponitur
256 3325 308 3390 hio
327 3325 411 3392 ¹imos
434 3330 507 3390 ante
529 3346 648 3389 corona
668 3325 777 3408 pedeS,

40 3409 103 3475 Sic
127 3430 193 3473 nos
214 3431 311 3492 nuno,
335 3411 446 3494 inopes
469 3409 570 3473 laudis
593 3407 804 3474 conscendere
826 3409 966 3495 culmen,

87 3493 296 3576 Pauperibus
319 3495 416 3558 saeris
438 3493 512 3559 vilia
533 3496 604 3557 tura
625 3493 759 3557 damus.¹

96 3597 260 3635 hortamus.
575 3569 596 3608 ⁸
850 3601 867 3648 3
