2636 4146
219 183 284 250 ‘roe
601 185 794 244 raoruaru
1125 186 1185 258 [va

285 351 380 418 Solve
401 353 488 416 metu
508 349 655 434 patriam,
679 370 758 432 quae
778 368 865 412 nunc
886 350 919 412 te
933 347 1059 412 vindice
1080 346 1165 412 freta

326 435 474 519 Inposuit
515 455 606 498 rorae
627 432 755 517 publica
777 435 850 497 vota
870 435 953 496 tuae.

284 519 387 595 Quam
408 519 471 582 nisi
493 457 657 600 icfeudes,
680 538 841 581 murorum
862 514 1018 582 Romulus
1040 537 1143 600 augur

327 602 379 667 Ire
399 602 561 667 Palatinas
582 623 650 666 non
670 601 752 666 bene
774 599 854 666 vidit
874 621 957 664 aves.

234 700 269 749 45
283 685 336 752 En
356 687 491 752 nimium
512 685 607 750 remis
629 685 748 750 audent
768 705 882 769 prope:
904 687 1003 768 turpe
1018 683 1143 748 Latinis

327 771 475 856 Principe
497 773 529 835 te
550 770 665 834 fluctus
686 770 775 854 regia
796 769 866 832 vela
886 769 964 851 pati.

285 854 355 920 Neo
376 858 424 938 te,
448 853 532 938 quod
554 854 665 918 classis
687 853 830 918 centenis
850 853 986 938 remiget
1007 852 1075 935 alis,

328 938 473 1002 Terreat:
495 938 597 1002 invito
618 937 737 1002 labitur
756 937 814 1002 illa
834 937 929 1000 mari:

288 1022 442 1106 Quodque
456 1021 578 1086 vehunt
591 1043 704 1106 prorae
720 1020 910 1087 Centaurica
924 1043 1000 1084 saxa
1014 1021 1185 1106 minantes,

235 1119 272 1168 oo
328 1105 432 1191 Tigna
454 1127 530 1171 eave
551 1109 584 1170 et
604 1106 708 1190 pictos
732 1105 891 1190 experiere
913 1109 1024 1169 metris.

286 1190 421 1275 Frangit
442 1193 476 1256 et
496 1189 615 1254 attollit
636 1190 718 1254 vires
739 1190 774 1254 in
794 1189 896 1253 milite
919 1209 1025 1273 causa3

329 1273 417 1350 Quae
437 1275 502 1338 nisi
523 1275 606 1340 iusta
627 1273 745 1357 subest,
768 1273 890 1338 excutit
910 1295 998 1338 arma
1018 1273 1131 1357 pudor.

287 1357 425 1441 Tempus
437 1358 534 1441 adeat,
550 1357 704 1422 committe
715 1359 814 1422 rates:
830 1378 890 1443 ego
905 1357 1058 1441 temporis
1073 1360 1189 1424 auctor

329 1441 452 1505 Ducam
474 1443 632 1527 laurigera
652 1441 736 1506 Iulia
755 1444 859 1506 rostra
879 1449 996 1506 manu?

236 1538 271 1588 oo
286 1523 433 1607 Dixerat,
456 1529 489 1590 et
509 1524 675 1610 pharetrae
696 1525 833 1610 pondus.
842 1526 1002 1590 consumit
1022 1526 1057 1590 in
1078 1547 1189 1594 arcus:

329 1609 481 1674 Proxima
501 1613 576 1694 post
596 1631 688 1674 arcus
710 1608 853 1675 Caesarie
875 1609 968 1676 hasta
988 1610 1057 1674 fuit.

288 1691 400 1758 Vincit
419 1693 523 1758 Roma
543 1694 605 1758 fide
626 1693 762 1760 Phoebi:
790 1694 847 1758 dat
867 1693 986 1758 femina
1006 1715 1144 1778 poenas:

136 1821 138 1826 .
331 1777 462 1862 Sceptra
506 1800 540 1843 er
560 1775 669 1842 Ionias
689 1779 791 1843 fracta
813 1777 971 1842 vehuntur
993 1799 1098 1862 aquas.

289 1863 335 1926 At
344 1866 446 2011 spater
467 1801 568 1927 Ihalio
590 1863 723 1927 miratur
744 1861 862 1928 Caesar
883 1863 923 1926 ab
945 1865 1046 1926 astro:

238 1959 274 2008 eo
331 1951 341 1980 ³
367 1968 421 2010 um
443 1946 535 2030 deus,
558 1969 599 2012 en
620 1946 723 2011 nostri
745 1947 911 2032 sanguinis
933 1947 996 2010 ista
1015 1946 1118 2011 fides!

288 2029 495 2114 Prosequitur
516 2033 611 2096 cantu
632 2031 760 2114 Triton,
788 2035 960 2114 omnesque
980 2031 1124 2096 marinae

330 2113 522 2179 Plauserrmt
543 2115 626 2178 circa
647 2115 747 2179 libera
769 2116 863 2200 signa
884 2115 970 2180 deae.

287 2196 350 2262 Illa
370 2198 452 2282 petit
464 2197 583 2263 ·Nilum
606 2199 719 2282 cymba
739 2199 822 2264 male
843 2200 919 2263 nixa
939 2197 1056 2284 fugaci,

331 2280 403 2346 Hoc
423 2303 532 2366 unum,
554 2283 640 2348 iusso
661 2304 729 2348 non
742 2285 897 2348 moritura
918 2283 979 2348 die.

237 2379 273 2430 oe
287 2364 330 2430 Di
351 2365 479 2432 meliust
508 2369 645 2450 quantus
672 2368 786 2432 mulier
806 2368 890 2432 foret
910 2389 974 2432 uua
994 2367 1193 2466 triumphus,
1308 2365 1309 2375 ’

331 2449 453 2514 Ductus
476 2454 544 2516 erat
564 2473 621 2535 per
664 2473 721 2516 uas
742 2454 816 2518 ante
836 2451 993 2537 Iugumha
1012 2473 1089 2516 mas.

289 2535 404 2598 Actius
425 2533 502 2599 hinc
522 2535 620 2599 traxit
640 2473 789 2601 Phoebus
817 2537 1030 2633 monimenta,
1058 2536 1145 2619 quod

832 2643 898 2685 ems

262 2711 264 2717 '
331 2702 404 2768 Vna
425 2702 535 2768 decem
556 2703 634 2768 vicit
653 2703 752 2768 missa
773 2705 892 2802 sagitta
911 2707 1005 2770 rates.

181 2849 183 2854 .
288 2785 381 2852 Bella
402 2787 479 2852 satis
501 2788 618 2853 cecini:
641 2787 794 2854 citharam
815 2811 879 2853 ram
900 2790 1005 2873 poscit
1023 2789 1146 2873 Apollo

239 2885 274 2936 ao
330 2870 443 2936 Victor
465 2875 498 2936 et
518 2871 558 2936 ad
579 2872 721 2956 placidos
742 2873 829 2937 exuit
850 2895 939 2938 arma
961 2873 1084 2938 choros.

289 2954 434 3022 Candida
454 2977 540 3022 nunc
561 2957 652 3022 molli
674 2957 809 3021 subeant
829 2958 977 3022 convivia
997 2957 1069 3022 luco

291 3079 295 3090 ·
330 3039 585 3126 Blanditiasque3
607 3041 709 3106 fluant
751 3063 785 3106 cr
805 3063 877 3106 mea
897 3042 980 3106 oolla
999 3062 1101 3124 rosae,

288 3123 436 3209 Vinaque
457 3125 631 3190 fundantur
651 3126 751 3208 prae*
790 3125 870 3191 elisa
890 3125 1043 3208 Falernis,

331 3207 454 3293 Terque
475 3209 561 3274 lavet
580 3213 707 3274 nostras
729 3231 744 3274 s
768 3210 818 3278 iea
840 3209 956 3276 Cilissa
977 3231 1095 3274 comas.

238 3304 272 3356 ⁷5
350 3293 457 3358 enium
477 3293 565 3378 potis
585 3294 695 3360 inritet
750 3316 808 3359 usa
828 3295 947 3392 poetis:

360 3377 466 3460 accho,
488 3378 571 3442 soles
585 3375 716 3442 Phoebo
738 3379 854 3443 fertihs
876 3400 945 3444 esse
965 3381 1031 3442 tuo.

287 3459 347 3525 Ille
368 3461 538 3545 paludosos
560 3467 714 3528 memoret
735 3463 852 3528 servire
875 3461 1081 3548 Sycambros,
