2616 4120
234 218 294 269 LVI
606 203 820 260 PRAEFATIO.

234 378 281 436 nis
296 374 489 450 aposteriore
505 373 616 445 divelli,
638 374 714 431 sicut
727 371 825 432 visum
839 371 1030 445 Buechelero,
1045 371 1119 430 mihi
1134 373 1213 450 qui·

236 461 303 518 dem
317 459 401 518 nullo
416 461 502 533 pacto
516 457 675 532 probatur3
696 456 732 514 cf.
747 476 776 515 v.
794 458 842 514 19.

297 545 338 602 ib.
356 543 373 601 5
390 544 467 602 cistis
480 542 678 614 Burmannus,
694 540 745 598 clii
759 542 885 610 innatis
899 542 1001 601 vidais
1014 540 1079 598 edd.

298 629 339 687 ib.
358 629 395 685 15
411 627 487 700 qnod
501 626 612 701 scripti,
627 625 657 682 h.
674 643 699 682 e.
715 629 790 698 anot.

297 712 339 770 ib.
357 713 394 768 17
410 728 491 770 nnnc
504 709 710 782 Buechelerus,
725 727 787 768 non
800 707 865 768 odd.

298 797 339 854 ib.
357 796 395 855 18
416 797 512 856 emens
526 827 567 836 -
581 795 771 854 abstinentem
790 793 884 865 idem,
906 793 1097 851 membranae
1118 794 1207 854 lasne

235 882 284 941 vel
306 881 417 951 elasam
438 879 558 938 eaedem
578 879 752 938 abstinerem
772 877 834 938 sive
855 877 1011 936 abstineret
1033 877 1095 938 sive
1110 877 1206 936 absti-

235 983 347 1025 nennr.

301 1050 349 1121 78,
367 1049 384 1105 2
400 1049 510 1108 amicae
523 1047 628 1118 Aldus,
645 1047 754 1106 61117666
769 1045 833 1103 cdd.

299 1134 340 1192 ib.
354 1135 372 1191 5
387 1133 519 1192 tendisne
531 1130 718 1202 Munokerus,
735 1130 862 1190 taniiees
875 1129 924 1190 rel
939 1129 1049 1190 similia
1063 1129 1146 1205 cdd.;
1163 1129 1204 1188 cf.

236 1213 374 1276 Rueohel.
390 1235 440 1291 pg.
456 1216 527 1272 413.

261 1373 264 1378 ¹
304 1303 352 1372 79,
369 1301 389 1356 4
404 1317 433 1358 es
449 1299 589 1373 Scaliger,
606 1301 646 1356 est
660 1299 774 1373 scripti.

302 1386 357 1456 80,
375 1386 407 1456 9,
426 1385 474 1441 10.
496 1381 560 1440 Hos
579 1399 683 1441 versus
701 1383 796 1441 miror
817 1383 1000 1458 Scaligerum
1015 1401 1032 1440 a
1050 1382 1204 1457 prioribus

239 1485 425 1544 segregasse,
454 1484 520 1524 eum
540 1466 647 1540 quibus
674 1467 860 1542 apertissime
880 1467 1046 1526 cohaerent.
1090 1467 1206 1544 Agitur

239 1553 320 1612 enim
340 1552 376 1610 de
397 1569 441 1624 eo,
463 1550 512 1625 qui
534 1549 612 1624 quod
626 1550 757 1626 primum
772 1552 829 1610 sibi
843 1569 905 1610 non
919 1551 1108 1610 successisset
1121 1553 1154 1609 in
1170 1571 1204 1610 re

238 1654 366 1697 venerea
390 1635 513 1710 questus
531 1635 667 1694 versibus
690 1636 781 1695 1-8
802 1637 861 1693 iem
881 1638 1055 1710 recuperato
1069 1654 1121 1710 spe
1136 1639 1207 1694 orat

239 1717 389 1796 Priapum,
405 1721 440 1778 ut
453 1719 621 1793 proximum
634 1719 698 1794 ipse
714 1719 855 1778 secundet
869 1722 1016 1778 conatum.
1031 1719 1088 1778 Est
1102 1723 1207 1778 autem

240 1806 342 1864 thema
357 1803 544 1864 Ouidianum.
576 1801 621 1862 Of.
638 1823 694 1862 am.
710 1803 765 1877 III,
784 1805 811 1861 7.

304 1888 444 1948 Ceterum
463 1887 519 1946 hoc
538 1889 667 1946 carmine
688 1891 722 1946 ut
741 1889 774 1946 in
793 1887 916 1964 reliquis
937 1887 998 1946 fere
1014 1887 1099 1946 libris
1113 1889 1156 1945 ita
1170 1889 1204 1946 in

242 1973 340 2033 Guelf.
359 1975 429 2032 703.
447 1972 516 2030 704.
534 1973 593 2030 705
609 1971 688 2030 finiri
703 1973 849 2049 syllogen,
866 1974 987 2048 excepto
1002 1972 1081 2046 quod
1095 1972 1128 2029 in
1141 1973 1205 2046 pri-

241 2076 291 2116 mo
312 2075 415 2116 eorum
434 2055 525 2116 etiam
540 2055 666 2114 habetur
680 2058 774 2132 epigr.
791 2059 840 2128 83,
855 2056 893 2114 de
907 2075 966 2130 qua
979 2074 1011 2114 re
1027 2074 1116 2130 supra
1131 2056 1204 2130 dixi,

243 2141 343 2200 docuit
356 2159 410 2200 nos
425 2158 611 2218 magnacum
626 2141 765 2200 comitate
772 2139 995 2198 Heinemannus
1006 2139 1205 2199 bibliothecae

244 2225 486 2285 Guelferbitanae
501 2225 677 2300 praefectus.

307 2312 357 2382 81,
375 2310 392 2366 2
407 2309 561 2384 Respectus
575 2310 739 2380 Reincsius,
755 2309 924 2381 Perspectus
938 2328 966 2367 v.

307 2411 335 2452 e.
348 2394 397 2453 82.
420 2393 604 2452 Varietatem
622 2393 768 2452 librorum
782 2392 984 2451 Bruxeliensis
1003 2393 1034 2450 et
1048 2393 1205 2452 Monacen-

245 2480 285 2539 sis
298 2479 484 2554 potissimam
502 2478 599 2536 afferri
620 2495 681 2535 non
701 2477 804 2551 putavi
819 2476 949 2534 alienum
970 2496 987 2534 a
1007 2495 1048 2550 re,
1064 2495 1123 2550 quo
1137 2496 1205 2552 per-

245 2564 407 2638 spiceretur
421 2581 472 2622 eos
487 2561 656 2621 consimiles
670 2561 759 2635 plane
774 2563 805 2618 et
819 2577 960 2636 conpares
975 2561 1106 2636 vulgatis
1121 2561 1205 2621 Prie·
1278 2583 1279 2636 1

245 2666 370 2724 peorum
385 2648 516 2723 syllogcs
531 2645 683 2718 exemplis.
1278 2637 1279 2656 ¹

308 2733 358 2806 82,
376 2733 404 2804 5,
423 2733 450 2804 7,
470 2733 518 2803 13,
536 2730 584 2801 32,
602 2729 640 2787 37
657 2730 752 2802 capnt
765 2730 875 2804 ubique
889 2729 923 2788 B.

307 2817 374 2875 ibe
392 2816 518 2888 Tripolis
531 2813 608 2870 liber
615 2810 798 2888 Ouiacienus,
814 2815 958 2888 Tn‘pbatie
969 2835 1007 2887 v,
1022 2814 1205 2888 PriepcBM.

307 2900 347 2958 ib.
366 2901 404 2958 16
420 2899 541 2958 cabitos
554 2895 621 2969 ΒΜ,
632 2897 815 2973 ballistast),
832 2899 868 2957 cf.
883 2899 955 2956 Luc.
971 2899 1061 2972 XXX,
1077 2901 1117 2958 41
1134 2899 1170 2959 G.
1278 2915 1279 2966 j

307 2985 347 3042 ib.
366 2985 414 3056 17,
433 2985 470 3041 18
485 2983 527 3039 ita
540 2981 631 3038 habet
644 2981 769 3056 scriptos
780 2983 812 3040 M
826 2985 940 3042 eanisne
953 3001 1037 3042 scens
1050 2983 1207 3054 fabricabit
1278 2975 1279 2984 ¹

245 3069 365 3130 oblitam
376 3069 461 3134 tatus,
473 3069 504 3125 at
514 3065 540 3123 B
552 3066 667 3126 canisae
680 3082 764 3125 secan
774 3067 884 3127 tntosns
893 3067 1049 3139 adfricabit
1059 3070 1207 3142 obligarem

246 3155 339 3222 tatns‚·
354 3151 391 3209 cf.
407 3149 505 3208 adnot.
523 3149 599 3208 Scal.

308 3237 348 3294 ib.
367 3235 404 3292 19
426 3251 442 3292 6
462 3253 528 3294 caue
549 3234 667 3310 scripsi,
690 3252 706 3294 o
726 3238 773 3296 cni
794 3234 907 3310 cuae,
929 3237 1000 3296 Bet
1014 3237 1046 3296 M
1067 3239 1206 3300 exhibent

246 3321 375 3378 metrum
396 3319 456 3376 tale
477 3325 543 3380 ato
566 3315 610 3396 (ot
629 3321 680 3380 bos
694 3317 738 3399 M)
759 3322 869 3382 sceleste
890 3317 1008 3400 (scaleni
1022 3321 1066 3401 Μ)
1083 3327 1206 3398 pentec

246 3421 341 3462 nenrn
355 3405 473 3464 1116111111.
503 3405 566 3464 Alii
580 3405 679 3466 minus
694 3405 770 3466 bene
784 3408 895 3468 sceleste
903 3409 990 3481 penis
1004 3426 1020 3467 6
1035 3426 1131 3469 menn
1144 3429 1206 3470 rna

246 3488 307 3547 76111
318 3507 415 3564 grane.
