2598 4136
463 219 676 276 PRAEFATIO.
986 231 1050 280 XIX

145 388 190 448 ib.
207 387 250 445 44
272 387 410 458 nimbifcr
429 387 512 461 Itali,
533 377 689 462 Heinsiris,
710 383 844 460 imbrifer
863 388 927 446 cdd.
949 419 991 434 -
1010 389 1051 447 ib.

77 474 189 533 Euros
203 471 316 530 Balbus
332 489 421 530 carm.
439 472 479 531 20
491 490 542 547 pg.
561 473 630 545 154,
645 471 823 546 Huschkius,
839 490 925 532 arcos
939 473 1051 548 scripti.

144 557 191 615 ib.
207 557 259 615 48.
282 555 362 614 Illud
382 573 479 630 opero,
500 555 664 615 ablativum
684 575 758 630 csse,
780 557 831 632 qui
846 556 967 632 quidem
980 575 1051 632 pen-

79 641 152 699 deat
167 639 207 698 ab
223 657 267 712 eo,
284 638 363 715 quod
378 642 424 698 est
438 641 587 700 5555551555
601 644 704 700 monet
716 639 905 700 Ritschelius.

144 725 189 782 ib.
207 724 256 782 53.
280 722 408 798 Propter
422 741 548 799 sequens
564 724 667 783 ordine
681 725 757 783 illud
771 729 834 784 tom
847 725 939 784 etism
952 723 1053 800 priore

80 809 146 874 loco
164 807 271 866 eodem
285 807 381 866 forms
396 807 529 867 adverbii
543 810 609 866 erat
622 808 801 883 reponenda.

144 893 192 952 ib.
208 891 249 950 55
263 891 361 963 offeret
375 889 510 964 Paccius,
526 892 626 964 offeret
639 891 699 950 AB
708 891 740 951 0.

1 1000 2 1003 ¹
144 977 192 1034 ib.
207 976 248 1034 81
270 974 543 1049 elcenRitschelius,
560 978 682 1050 utputo
697 978 786 1049 recte,
802 975 869 1050 eB,
886 977 992 1052 inquo
1007 977 1054 1035 est

81 1061 115 1119 le
128 1061 199 1127 teet,
213 1077 242 1118 v.
257 1060 313 1120 teu
326 1060 389 1118 tec.

145 1143 172 1216 Ι,
192 1143 220 1215 5,
236 1143 276 1200 42
299 1145 424 1216 opudct
444 1143 564 1219 scripsi,
592 1147 619 1202 ct
632 1144 724 1216 pudet
745 1143 809 1202 cdd.
836 1143 939 1202 --ib.
959 1161 1054 1204 mecm

81 1229 140 1286 viri
156 1226 248 1298 docti,
263 1245 329 1286 mec
344 1226 408 1285 odd.

145 1311 192 1370 ib.
209 1312 258 1370 61.
280 1311 326 1369 De
341 1329 375 1370 eo
390 1330 479 1370 versu
493 1311 554 1370 iem
569 1331 659 1387 supro
674 1312 787 1371 dictum
801 1331 851 1390 pg.
867 1311 935 1372 XII.

147 1396 194 1454 ib.
213 1395 252 1453 69
267 1394 351 1466 furta
364 1395 444 1468 libri,
461 1413 535 1454 corr.
551 1395 695 1455 Muretus.

145 1479 192 1538 ib.
210 1478 249 1536 72
264 1497 299 1538 ae
312 1477 380 1552 BC,
396 1484 448 1538 acc-t
462 1479 499 1552 A,
516 1484 541 1538 et
556 1479 636 1553 Itsli,
651 1479 785 1540 Vossius.
910 1475 913 1480 ’

147 1563 173 1636 Ι,
194 1564 220 1635 6,
237 1563 255 1621 5
271 1564 333 1622 iem
346 1562 425 1636 Itcli,
441 1581 513 1622 nam
526 1563 627 1622 ABO.

147 1647 193 1705 ib.
210 1648 227 1703 7
243 1649 344 1705 torota
357 1646 493 1722 Heynius
514 1665 549 1705 ex
565 1645 620 1707 Ov.
635 1649 714 1707 trist.
729 1647 770 1721 Π,
786 1649 865 1723 447;
886 1653 947 1708 tom
960 1651 1053 1708 mellic

85 1732 149 1790 sinc
164 1731 230 1788 ullo
245 1749 335 1789 sensu
350 1729 414 1788 cdd.
431 1731 553 1790 Tibulli.

148 1815 193 1873 ib.
207 1815 255 1874 20.
278 1813 352 1873 Post
364 1813 445 1872 hunc
459 1834 487 1873 v.
503 1815 645 1874 collocavi
662 1815 795 1886 25-32,
808 1815 916 1890 quibus
930 1816 1053 1875 minime

84 1902 175 1976 optus
190 1899 272 1956 locus
288 1917 378 1973 quem
391 1900 496 1956 tenent
510 1900 542 1956 in
556 1899 680 1974 vulgato
694 1899 850 1972 scriptura.
933 1949 935 1952 .

150 1983 194 2041 ib.
211 1983 250 2041 25
270 1985 422 2057 siccumve
443 1981 513 2040 Itali
533 2001 570 2040 ex
587 1980 642 2041 Ov.
660 1981 751 2042 Trist.
767 1981 808 2057 H,
824 1983 902 2056 4513
923 1983 1054 2057 soccos

1 2147 2 2150 Ἴ
83 2085 142 2142 que
155 2086 186 2126 v.

149 2151 193 2208 ib.
212 2151 261 2208 22.
283 2150 419 2226 Apparet
432 2150 574 2210 excidisse
589 2150 746 2224 distichon,
767 2151 850 2210 cuius
864 2150 983 2226 quidem
997 2151 1053 2210 ini-

80 2237 129 2294 tio
154 2233 239 2292 haud
263 2233 353 2294 dubie
377 2235 435 2292 fuit
459 2235 604 2310 porticula
627 2253 679 2294 sco
703 2253 778 2310 quae
802 2235 996 2310 responderet
1015 2235 1052 2309 51,

81 2338 178 2396 quam
199 2318 290 2378 habes
309 2339 338 2377 v.
356 2319 406 2376 21.
437 2317 577 2378 Ceterum
598 2320 670 2378 setis
691 2320 808 2378 constat
825 2317 913 2377 Isidis
927 2319 1052 2377 mentio-

80 2423 156 2463 nem
172 2401 264 2462 fuisse
280 2403 391 2460 factam
405 2403 438 2460 in
452 2402 588 2462 versibus
602 2402 736 2478 perditis,
759 2401 795 2460 de
810 2421 869 2476 quc
883 2400 1007 2462 Ovidius
1021 2403 1054 2460 in

81 2507 116 2550 re
134 2485 228 2546 simili
242 2492 269 2546 ct
282 2487 366 2546 modo
381 2503 454 2560 quac
469 2503 574 2545 caecos
582 2487 723 2560 praebeat
736 2487 797 2545 Isis
811 2488 872 2545 erit.

149 2571 193 2629 ib.
206 2571 243 2629 23
260 2571 344 2630 cedas
359 2569 473 2645 scripsi,
486 2570 586 2630 credas
597 2569 677 2646 odd.;
691 2570 814 2646 vulgato
827 2570 917 2629 lectio
932 2569 1054 2644 irrepsit

80 2676 99 2716 o
114 2675 146 2716 v.
163 2655 214 2714 37.

149 2739 193 2797 ib.
209 2740 248 2798 38
264 2740 388 2798 detracto
403 2737 438 2812 B,
453 2738 580 2798 fortasse
594 2741 684 2811 recte,
700 2739 818 2798 detrecto
832 2735 901 2796 Ao,

149 2823 193 2880 ib.
209 2823 248 2882 39
264 2823 329 2882 colit
343 2821 419 2895 cdd,
440 2824 508 2882 colis
522 2821 662 2897 Guietus3
684 2823 727 2880 its
748 2841 865 2898 semper
879 2822 971 2881 simili
986 2839 1053 2880 con·

82 2909 204 2966 dicione
219 2907 379 2981 scriptores
393 2905 504 2964 Latini.

148 2991 193 3049 ib.
207 2991 250 3050 40
270 2991 373 3062 5515511
386 2989 471 3062 Itsli,
492 2989 585 3062 effluit
599 3009 643 3064 v.,
665 3007 755 3066 qnam
769 2985 881 3048 frustra
895 2988 1054 3046 lectionem

79 3077 151 3136 loco
167 3074 297 3148 quodam
312 3074 409 3132 alieno
422 3072 577 3133 Claudiani
591 3069 707 3152 [paneg.
723 3075 755 3132 in
769 3073 832 3130 llll
845 3071 958 3130 consul.
973 3069 1052 3129 Hon.

77 3180 110 3221 v.
137 3153 213 3237 206]
246 3157 380 3218 defendit
409 3157 557 3234 Broulrh.;
586 3162 622 3216 ut
652 3158 790 3216 omittam
817 3153 1054 3229 ingratissimum

78 3262 204 3304 sonum.
361 3275 362 3278 ¹
404 3303 406 3306 ,
854 3299 855 3302 ,

147 3327 192 3385 ib.
208 3327 248 3384 42
264 3327 303 3386 cit
318 3325 431 3402 scripsi,
447 3331 500 3386 stet
513 3345 542 3385 v.
558 3355 600 3366 -—
614 3324 655 3382 ib.
671 3321 875 3398 reponendum
889 3326 942 3384 cet
949 3341 1055 3397 precor

75 3430 138 3489 pro
156 3409 315 3486 eo,qnod
334 3411 431 3468 estin
451 3409 526 3481 cdd,
542 3409 654 3482 procul.
685 3406 831 3466 Similiter
849 3407 1003 3466 turbatum
1022 3409 1055 3466 in

74 3495 140 3570 III,
155 3497 188 3569 6,
200 3494 250 3554 52.
273 3492 356 3552 Illud
370 3495 407 3552 sit
416 3493 520 3568 procot
533 3491 621 3570 plene
636 3489 740 3552 ecdem
754 3491 842 3551 modo
857 3491 979 3564 dictum,
994 3487 1054 3566 qno

498 3606 501 3612 ·
883 3591 897 3622 ss

858 3591 876 3642 b
