2628 4116
15 209 22 234 ,
88 163 166 244 cxc]
282 179 303 198 x
515 163 631 219 imru

126 327 230 394 Nobis
254 347 273 392 o
297 327 404 391 lucem
427 324 609 390 candidiore
631 325 723 389 notu!

88 412 163 488 Quis
184 433 237 476 me
259 431 326 476 uno
349 410 430 474 vivit
450 409 590 492 felicior,
613 412 669 473 cut
690 429 743 474 ma
769 409 793 472 's
814 408 873 473 hac
896 429 948 474 ree

128 495 295 580 Optendus
317 494 384 559 vita
407 493 510 558 dicere
533 493 603 577 quis
624 493 744 577 poterit

509 705 633 780 CVIII.

86 833 139 916 Si,
161 830 308 914 commi,
330 829 441 916 populi
463 829 594 894 arbitrio
615 833 671 894 tuo
692 851 770 894 cena
792 833 937 896 senectus

131 915 289 1000 Spurcute
310 915 433 998 inpuris
454 913 597 978 moribus
619 913 768 996 intereat,

84 1000 165 1066 Non
194 998 341 1082 equidem
370 997 480 1062 dubito
510 997 587 1082 quin
615 997 753 1082 primum
781 997 910 1061 inimice
937 997 992 1061 bo·

27 1089 40 1104 ‘
699 1101 814 1146 norum

131 1167 261 1252 Lingua
282 1169 391 1231 erecte
411 1165 504 1232 uvido
527 1167 570 1230 sit
591 1165 666 1230 dcte
686 1164 838 1248 volturio,

84 1253 237 1320 Effossos
259 1250 368 1316 oculos
389 1253 481 1315 voret
502 1253 571 1314 etro
593 1251 722 1334 gutture
744 1269 870 1332 corvos,

132 1335 292 1399 Intestino
314 1355 423 1418 canes,
447 1337 551 1398 cetera
572 1333 715 1398 membre
736 1333 811 1416 lupi.

498 1463 651 1474 ———-

503 1546 644 1621 uvffll.

83 1670 286 1754 Iocundum,
307 1690 378 1734 meu
398 1669 480 1753 vite,
502 1667 582 1733 mihi
603 1670 757 1753 proponis
779 1689 918 1734 umorem

132 1755 234 1820 Hunc
254 1757 398 1818 nostrum
419 1753 563 1818 internos
585 1757 833 1838 perpetuomque
855 1754 932 1818 fore.

83 1841 135 1907 Di
155 1839 283 1923 magni,
306 1837 401 1902 facite
424 1839 461 1902 ut
481 1837 554 1902 ve're
576 1837 763 1920 promittere
784 1837 899 1920 possit,

133 1923 244 2006 Atque
265 1921 299 1986 id
320 1922 442 1986 sincere
464 1921 550 1986 dicet
571 1923 604 1984 et
625 1941 665 1984 ex
685 1919 807 2002 enimc,

83 2007 139 2076 Vt
159 2007 258 2070 liceat
277 2005 369 2070 nobis
390 2007 460 2070 tota
479 2004 654 2090 producere
675 2003 741 2068 vite
1042 2017 1057 2066 t

134 2091 308 2155 Alternum
328 2088 390 2156 hoc
412 2093 541 2154 sanctae
563 2088 674 2153 foedus
698 2087 865 2154 amicitiae.

539 2301 610 2375 Ox.

82 2425 261 2508 Aufileno,
282 2425 384 2490 bonae
406 2421 532 2508 semper
553 2424 722 2489 laudentur
743 2425 876 2490 amicae:

135 2509 313 2592 Accipiunt
332 2511 486 2594 pretium,
509 2529 589 2592 quae
610 2507 713 2574 fucere
735 2509 914 2575 instituunt.

80 2596 144 2662 'Pu
166 2592 255 2677 quod
275 2595 436 2676 promisti,
458 2591 538 2656 mihi
560 2591 645 2676 quod
664 2593 798 2658 mentita
823 2593 992 2676 inimice's,

137 2677 235 2754 Quod
256 2697 316 2742 nec
336 2678 392 2742 das
414 2679 448 2742 et
467 2676 532 2740 fers
555 2697 665 2762 saepe,
688 2677 767 2741 facis
789 2677 922 2742 fucinus.

81 2767 164 2830 Aut
186 2759 292 2824 facere
312 2761 518 2847 ingenuaest,
541 2765 683 2825 autnon
703 2761 859 2845 promisse
873 2760 1023 2844 pudicae,
1045 2773 1062 2822 5

137 2844 305 2927 Aufileno,
326 2845 401 2910 fuit:
428 2845 484 2909 scd
506 2844 580 2908 date
602 2845 759 2929 corripere

33 2929 40 2938 ’
83 2927 288 2997 Fraudondo
308 2931 330 3011 †
350 2928 451 2993 efficit
471 2928 542 3012 plus
565 2949 659 3012 quam
680 2929 855 2994 meretricis
878 2949 1007 3010 avarae,

138 3014 231 3092 Quae
253 3033 321 3077 sese
342 3015 413 3078 toto
436 3033 569 3095 corpore
590 3013 764 3097 prostituit.

505 3143 657 3154 me...-

539 3226 628 3299 CXI.

85 3350 265 3432 Aufilene‚
286 3350 355 3413 viro
378 3350 562 3414 contentum
583 3347 688 3411 vivere
711 3347 795 3430 solo,

135 3435 326 3517 Nupturum
347 3433 415 3498 laus
438 3431 623 3497 claudibus
647 3430 786 3496 eximiis:
