2598 4136
269 193 331 240 mv
645 176 858 232 PRAEFATIO.

268 351 338 423 tale,
353 351 389 407 ut
402 345 574 408 cultissimis
588 345 686 421 poetis
699 345 818 404 Tibullo
834 347 865 403 et
878 343 1035 419 Propertio
1050 347 1130 404 recto
1146 346 1236 405 aesti-

269 434 385 493 mandis
400 433 498 492 minus
514 433 593 490 esset
607 433 718 506 aptum.

332 517 491 576 Praeterea
516 514 715 574 nominandus
739 513 819 572 inter
842 513 971 572 editores
992 513 1115 572 Tibulli
1145 513 1235 572 Ianus

270 602 483 672 Brcukhusius,
499 600 681 658 Batavorum
700 598 746 658 sui
759 598 903 673 temporis
919 599 1169 674 elegantissimus,
1184 599 1234 673 qui

270 688 329 746 nisi
351 685 539 760 interpolatis
550 683 598 750 ‚ad
616 701 752 742 normam
766 680 945 742 Ouidianum
964 682 1049 741 libris
1071 685 1102 740 et
1115 683 1183 757 ipse
1203 685 1237 739 ut

271 771 404 846 plerique
416 768 605 844 popularium
616 767 679 826 eius
694 766 762 842 plus
773 785 867 842 aequo
880 767 1036 826 tribuisset
1050 768 1081 824 et
1089 765 1235 842 scaligeri

270 855 363 914 nimia
383 872 454 912 cum
469 852 614 928 religione
636 851 822 910 observasset
841 849 993 926 exemplar
1018 851 1118 925 potuit
1144 852 1237 910 etiam

271 940 339 1014 plus
353 937 493 1014 prodesse
501 937 620 995 Tibullo
636 938 667 994 et
677 934 842 1010 Propertio
855 953 944 1010 quam
958 954 991 993 re
1001 953 1073 995 vera
1086 933 1237 1010 profuisse

272 1021 483 1082 existimandus
498 1023 553 1080 est.
582 1019 660 1078 Nam
675 1021 706 1078 et
725 1019 805 1078 locos
820 1019 965 1094 quosdam
979 1021 1136 1094 corruptos
1152 1037 1237 1095 egre-

272 1109 319 1184 gie
340 1105 509 1166 emendavit
530 1101 600 1182 (etsi
620 1103 817 1163 constantiam
837 1106 868 1162 et
884 1104 1094 1178 aequalitatem
1108 1103 1143 1161 in
1158 1105 1237 1162 curis

272 1192 335 1250 cius
359 1191 468 1249 criticis
489 1188 637 1247 desideres
658 1190 690 1246 et
709 1188 825 1262 saepius
846 1207 915 1246 eum
936 1189 1013 1246 cirea
1032 1187 1125 1246 verba
1146 1206 1236 1262 quam

273 1294 375 1334 sensus
395 1275 472 1332 circs
490 1273 610 1332 haerere
632 1268 724 1349 dicas)
747 1273 778 1330 ct
796 1273 951 1346 poetarum
970 1275 1045 1347 quos
1064 1271 1126 1328 dixi
1141 1272 1241 1330 libros

273 1358 442 1417 doctissimo
468 1374 563 1431 neque
591 1355 633 1414 eis
654 1356 705 1430 qui
726 1355 763 1412 ad
782 1356 929 1430 poeticam
949 1357 1107 1414 tenderent
1134 1356 1239 1414 inutili

273 1441 484 1502 commentario
497 1441 668 1499 illustravit.

335 1525 446 1600 Heynii
465 1525 498 1584 in
513 1523 666 1585 Tibullum
681 1543 777 1598 curae,
802 1543 876 1600 quae
891 1525 1083 1584 vehementer
1096 1525 1240 1598 placuero

273 1610 457 1684 Ruhnkenic,
478 1608 649 1668 condicione
670 1608 856 1684 antiquitatis
871 1609 1038 1668 studiorum
1051 1609 1150 1685 qualis
1165 1612 1241 1666 tunc

274 1699 338 1752 erat
351 1695 383 1752 in
398 1693 558 1752 Germania
572 1695 603 1751 et
616 1693 709 1768 ipsius
724 1693 854 1768 ingenio,
870 1711 931 1752 non
945 1693 1052 1751 horum
1065 1695 1240 1768 temporum

271 1777 389 1854 placitis
411 1781 480 1837 sunt
498 1777 657 1836 metienda.
686 1776 791 1852 Itaque
814 1778 1003 1836 severitatem
1017 1795 1140 1834 normae
1157 1778 1238 1834 criti-

272 1853 329 1922 cae
348 1863 379 1922 et
393 1861 546 1922 scientiam
568 1861 639 1920 satis
665 1861 796 1935 amplam
819 1861 864 1918 rei
889 1862 1098 1936 grammaticae
1124 1861 1241 1919 frustra

272 1944 432 2022 quaesieris
451 1947 484 2004 in
504 1944 723 2004 commentariis
747 1945 805 2017 eis,
827 1945 934 2020 quibus
949 1943 1077 2004 Graecos
1097 1944 1240 2004 Latinos·

272 2050 329 2106 que
350 2031 509 2104 scriptores
528 2029 671 2087 instruxit
684 2029 745 2102 ille,
768 2029 821 2087 sed
833 2029 967 2088 invenies
982 2029 1098 2104 pulchri
1114 2047 1239 2088 sensum

273 2114 437 2188 simplicem
459 2115 489 2171 et
507 2113 727 2186 incorruptum,
749 2112 845 2187 qualis
865 2115 896 2171 et
915 2111 1002 2172 hodie
1021 2112 1100 2170 haud
1114 2114 1158 2171 ita
1179 2108 1239 2171 fre-

272 2199 399 2273 quenter
423 2195 653 2272 deprehenditur
677 2199 709 2254 et
733 2198 805 2254 tunc
826 2197 970 2272 temporis
991 2196 1140 2272 Aethiope
1164 2198 1240 2276 pibo

273 2284 337 2340 erat
356 2280 461 2340 rarior.
505 2279 590 2338 Idem
615 2279 740 2338 subinde
766 2281 896 2357 egregiis
924 2282 1038 2356 aliquot
1058 2281 1240 2340 coniecturis

271 2365 348 2425 iuvit
369 2365 479 2439 scripta
499 2382 573 2438 quae
593 2366 748 2437 tractaret,
770 2368 805 2424 ut
823 2365 1009 2424 voluntatem
1028 2366 1125 2442 magis
1144 2384 1241 2440 quam

272 2448 426 2524 ingenium
441 2448 469 2506 ei
484 2448 612 2508 defuisse
627 2465 768 2524 agnoscas
782 2449 832 2508 vel
846 2449 883 2506 ab
897 2449 951 2507 hac
965 2451 1050 2523 parte
1063 2449 1241 2524 praestandi

272 2531 395 2591 editoris
415 2530 554 2590 officium.
597 2531 674 2590 Nam
695 2551 764 2592 sane
786 2532 858 2592 istas
878 2551 952 2608 quae
979 2533 1038 2608 ipsi
1056 2533 1242 2594 videbantur

271 2615 412 2676 minutias
427 2617 512 2691 parvi
525 2615 661 2676 faciebat.

335 2700 404 2758 Non
424 2701 466 2758 ita
490 2700 619 2758 multum
644 2701 796 2775 praestitit
821 2701 941 2760 Tibullo
966 2701 1104 2762 inimicus
1124 2701 1243 2778 Heynii

270 2784 446 2846 notissimus
464 2784 608 2844 Iohannes
622 2783 769 2844 Hemicus
784 2783 991 2866 Vossius3qui
1005 2789 1107 2845 tamen
1120 2787 1244 2862 primus

273 2869 489 2928 demonstravit
508 2869 631 2928 tertium
652 2867 817 2945 elegiarum
835 2869 946 2928 librum
967 2869 1004 2928 ab
1024 2871 1077 2929 illo
1094 2871 1242 2930 alianum.

188 2943 192 2952 ¹
273 2953 332 3013 Sua
346 2951 497 3015 Huschkio
513 2956 544 3012 et
556 2953 779 3012 Wundarlichio
794 2954 909 3012 merita.
932 2953 1072 3013 Ceterum
1086 2955 1117 3012 hi
1132 2973 1245 3016 omnes

270 3039 383 3115 pariter
398 3039 485 3114 atque
503 3037 575 3096 olim
587 3037 791 3096 Broulrhusius
812 3055 879 3096 cum
893 3037 1051 3097 mirificum
1066 3039 1098 3097 in
1112 3039 1245 3098 modum

270 3123 520 3198 interpolatorum
541 3121 674 3180 codicum
693 3120 873 3182 testimoniis
893 3123 1008 3198 imponi
1023 3123 1081 3181 sibi
1094 3124 1176 3198 passi
1195 3143 1244 3182 es-

273 3209 353 3280 sent,
379 3207 500 3264 tandem
530 3205 737 3265 Lachmannus
764 3225 789 3264 a.
813 3206 893 3266 1829
926 3206 1141 3267 demonstravit
1163 3209 1246 3282 quid

194 3303 197 3310 '
273 3308 341 3348 aera
362 3288 509 3348 distarent
528 3290 640 3365 lupinis
661 3293 692 3349 et
705 3293 740 3349 ut
753 3291 816 3366 ipse
829 3291 981 3351 verissime
993 3291 1029 3350 de
1042 3310 1073 3350 se
1083 3290 1246 3366 professus

273 3377 319 3432 est
334 3373 434 3431 omnia
453 3373 508 3432 sub
523 3392 657 3434 severam
671 3375 823 3436 revocavit
835 3376 943 3453 legem,
965 3377 1000 3434 ut
1013 3375 1131 3452 singola
1143 3377 1249 3435 verba

273 3476 306 3516 ac
321 3474 415 3533 paene
437 3455 554 3516 litteras
574 3477 593 3516 a
612 3460 763 3519 memoriis
782 3479 871 3536 quam
891 3461 1058 3521 veterrimis
1076 3461 1247 3536 repeteret,
