2632 4140
113 250 114 253 a
188 265 190 268 Ι
231 173 273 238 14
543 215 544 218 a
611 175 805 232 sacasani
1056 175 1194 246 ,pinu

334 339 378 404 Et
398 339 494 404 modo
516 341 584 403 tam
604 337 712 402 tardas
734 336 863 416 funibus
884 336 930 399 ire
951 339 1051 418 rates,

265 423 340 489 snt
360 445 471 488 nemus
493 423 578 488 unde
601 425 686 486 satas
708 420 854 484 intendat
875 419 992 484 vertice
1015 421 1127 504 siluas,

334 507 476 592 Vrgetur
497 507 623 591 quantis
646 505 805 572 Caucasus
828 503 1008 568 arboribus:

291 591 368 658 Nou
389 596 498 656 tamen
519 593 581 654 ista
602 611 674 654 meo
696 589 823 652 valeant
843 588 1035 652 contendere
1057 589 1178 654 amori:

335 675 448 740 Nescit
469 677 571 740 Amor
591 673 718 758 magnis
740 672 850 738 cedere
872 671 1000 740 divitiis.
1045 707 1047 712 ·

291 759 376 826 Nam
399 759 465 824 sive
486 761 628 842 optatam
649 778 774 821 mecum
794 755 895 824 trahit
916 756 972 820 illa
993 757 1146 841 quietem,

245 857 277 908 ιο
333 843 396 908 Seu
417 843 504 907 facili
525 845 629 906 totum
649 841 737 905 ducit
757 861 864 904 amore
887 839 986 924 diem,

292 927 373 992 'Pam
394 926 474 992 mihi
495 925 619 990 Pactoli
638 925 772 989 veniunt
791 923 851 988 sub
872 927 957 988 tecta
977 924 1132 1007 liquores,

336 1010 386 1076 nt.
401 1011 431 1075 lc
457 1011 518 1074 ‘tur
539 1009 643 1074 rubris
664 1030 792 1094 gemma
813 1009 871 1073 sub
893 1009 1097 1092 aequoribus:

294 1095 376 1160 'lum
397 1033 477 1160 nidi
500 1115 643 1160 cessuros
666 1092 826 1177 spondent
847 1113 918 1156 mea
943 1091 1060 1189 gaudia
1080 1113 1193 1176 reges:

216 1215 217 1218 ¹
335 1179 422 1256 Quae
443 1181 610 1261 maneant,
632 1175 708 1242 dum
728 1199 780 1241 me
800 1177 868 1241 fata
887 1197 991 1260 perire
1013 1175 1131 1240 volent

245 1275 276 1326 15
291 1262 375 1328 Nam
397 1263 467 1346 qnia
489 1263 609 1327 divitiis
631 1261 763 1326 adverso
784 1260 902 1346 gaudet
922 1259 1065 1324 Amore?

334 1347 434 1412 Nulla
452 1345 533 1410 mihi
553 1346 639 1410 tristi
681 1345 801 1410 ra'emia
822 1344 888 1408 sint
907 1343 1041 1408 Venere.

191 1479 194 1484 -
294 1429 355 1498 Illa
376 1433 484 1514 potest
504 1451 637 1514 magnas
659 1369 792 1498 deroum
813 1428 912 1492 infrin
937 1450 988 1494 ere
1010 1428 1110 1509 vires,

334 1513 396 1579 Illa
417 1513 513 1578 etiarn
535 1513 621 1578 duris
643 1514 803 1578 mentibus
825 1533 894 1577 csse
913 1449 1015 1576 dolor.

293 1597 354 1664 Illa
375 1619 478 1682 neque
499 1597 655 1662 Arabium
676 1596 1033 1666 metiittranscendere
1054 1595 1172 1681 limen,

122 1707 124 1714 ·
244 1696 278 1744 ac
333 1682 402 1747 Nec
422 1683 516 1747 timet
537 1682 673 1764 ostrino,
696 1681 803 1764 Tulle,
827 1681 934 1744 subire
954 1683 1026 1744 toro

183 1849 184 1852 Ἴ
292 1767 337 1832 Et
357 1767 509 1831 miserum
529 1769 599 1830 toto
620 1767 766 1830 iuvenem
788 1786 913 1829 versare
935 1763 1045 1828 cubili:

338 1850 422 1927 Quid
442 1851 587 1918 relevant
606 1850 702 1914 varus
725 1849 825 1914 serica
844 1847 1030 1912 textilibus?

294 1935 381 2011 Quae
400 1933 480 1998 mihi
501 1935 575 2000 dum
592 1934 723 2018 'placata
744 1933 861 2016 aderit,
883 1953 950 1996 non
970 1931 1037 1995 ulla
1056 1931 1195 1998 verebor

337 2018 452 2103 Regna
472 2021 528 2082 aut
548 2018 677 2082 Alcinoi
698 2038 831 2082 munera
852 2016 1022 2100 despicere.

633 2139 786 2151 —n——u-

672 2231 741 2304 XV

247 2259 276 2309 *t
742 2288 751 2306 .

295 2357 355 2423 Sae
379 2377 396 2421 e
418 2377 478 2442 ego
501 2355 600 2420 multa
620 2357 693 2419 tuae
714 2354 854 2418 levitatis
876 2353 955 2418 dura
975 2354 1138 2438 timebam,

337 2379 408 2505 liae
430 2444 539 2504 tamen
560 2441 708 2522 excepta,
732 2435 885 2522 Cynthia,
907 2437 1047 2522 perfidia.

296 2525 342 2590 Aa
365 2526 415 2589 ice
436 2545 488 2588 me
510 2526 628 2606 quanto
649 2523 754 2606 rapiat
774 2523 903 2587 fortuma
923 2521 1057 2606 periclo:

337 2547 386 2672 lu
407 2611 516 2672 tamen
537 2607 571 2670 in
594 2609 705 2672 nostro
727 2607 816 2672 lenta
835 2605 951 2670 timore
971 2605 1076 2688 venis,

266 2691 341 2756 tEt
361 2695 453 2775 potes
473 2690 641 2756 hesternos
662 2690 810 2754 manibus
832 2710 1011 2773 conponere
1033 2689 1141 2753 crines

336 2775 381 2840 Et
402 2775 501 2860 longa
521 2775 636 2840 faciem
658 2795 806 2858 quaerere
829 2772 963 2856 desidia,

296 2858 366 2924 Neo
386 2859 492 2922 minus
514 2858 591 2924 Eois
612 2861 724 2943 pectus
745 2859 866 2922 variare
887 2857 1016 2941 lapillis,

336 2943 383 3008 Vt
402 2942 545 3008 formosa
565 2963 648 3007 novo
671 2963 750 3026 quae
771 2945 865 3026 parat
884 2941 930 3006 ire
952 2941 1031 3004 viro.

296 3029 343 3092 At
363 3049 430 3092 non
452 3028 498 3091 sic
519 3026 622 3091 Ithaci
643 3025 788 3110 digressu
808 3028 896 3090 mota
918 3022 1056 3108 Calypso

247 3125 280 3177 ιο
335 3111 479 3176 Desertis
501 3111 577 3175 olim
598 3109 728 3174 fleverat
749 3110 952 3193 aequoribus:
1038 3167 1040 3174 .

295 3196 415 3262 Multos
436 3195 494 3258 illa
515 3194 581 3259 dies
603 3193 774 3278 incomptis
796 3197 918 3258 maesta
940 3192 1063 3276 capillis

340 3279 485 3362 Sederat,
506 3279 625 3342 iniusto
647 3277 749 3342 multa
769 3277 877 3342 locuta
898 3277 980 3360 sale,

294 3361 340 3428 Et
382 3363 505 3426 uamvia
524 3383 697 3445 numquam
715 3365 791 3446 post
809 3361 888 3426 haec
901 3362 1007 3425 visura
1020 3359 1157 3426 dolebat

420 3449 529 3509 tamen
550 3445 667 3531 longae
689 3445 817 3511 conscia
837 3445 986 3510 laetitiae.
