2636 4146
90 265 199 337 riui]
451 265 558 320 ursas
579 265 640 324 nn.

131 427 207 504 Quis
230 427 307 492 deus
328 427 363 490 in
384 431 491 492 vestra
511 428 657 492 constitit
677 426 779 492 hostis
801 428 904 512 aqua?

90 511 149 576 His
171 532 299 596 pressus
322 509 450 596 Stygias
472 511 594 576 voltum
615 510 743 576 demisit
764 512 799 576 in
820 512 936 594 undas,

131 596 227 660 Errat
247 597 280 660 et
300 595 335 658 in
357 598 463 664 ¹restro
486 595 615 680 spiritus
637 596 692 660 ille
713 596 813 670 lacu„
1017 607 1050 656 10
1311 599 1312 690 1

91 679 173 756 Quid
194 700 296 764 genus
317 681 373 742 aut
393 681 495 744 virtus
517 682 573 744 aut
593 680 715 764 optima
734 679 855 763 profuit
876 679 924 742 illi
1311 691 1312 764 l

6 773 8 836 ξ
131 763 235 828 Mater
272 765 305 827 et
326 763 507 846 amplexum
528 761 671 829 Caesaris
693 785 762 828 esse
783 762 896 828 focos?
1311 773 1312 776 ’

6 851 7 856 ’
88 848 156 911 Aut
176 813 272 912 modo
294 849 360 910 tam
382 847 478 930 pleno
499 847 660 912 fluitantia
682 848 752 912 vela
771 847 896 912 theatro

6 953 8 958 ’
130 930 174 994 Et
195 952 252 1014 per
272 933 433 995 maternas
455 931 564 996 omnia
584 935 676 1016 gesta
697 931 831 996 manus?

88 1015 228 1098 Occidit,
251 1018 284 1078 et
304 1014 420 1079 misero
443 1017 574 1079 steterat
595 1015 767 1100 vigesimus
790 1037 908 1080 annum
1017 1027 1048 1076 15
1311 1073 1312 1076 ,

130 1097 194 1162 Το1
214 1099 299 1162 bona
320 1101 387 1163 tam
408 1120 506 1182 parvo
529 1099 643 1163 clausit
662 1099 698 1163 in
720 1099 796 1164 orbe
818 1099 895 1163 dies,
981 1183 983 1186 Ι
1129 1177 1133 1186 .
1251 1143 1312 1164 „

87 1181 104 1247 Ι
124 1203 225 1268 nune,
246 1183 326 1246 tolle
346 1183 471 1246 animos
493 1185 525 1247 et
545 1186 651 1247 tecum
672 1183 758 1268 finge
778 1183 974 1267 triumphos,
1028 1184 1075 1269 llo
1095 1159 1242 1276 111111
1264 1131 1303 1252 l

130 1266 314 1364 Stantiaque
335 1267 370 1330 in
391 1267 537 1350 plausum
557 1269 627 1332 tota
646 1267 771 1365 theatra
791 1267 914 1364 iuvent,
1069 1299 1144 1342 um,
1311 1285 1312 1288 ’

6 1385 7 1452 l
86 1351 909 1520 Α11111111111111ῖ11111113
1014 1448 1048 1496 20

6 1547 7 1550 ¹
87 1517 149 1584 Sed
162 1523 271 1582 tamen
283 1517 346 1582 hnc
362 1539 487 1602 omnes,
505 1518 568 1584 hnc
581 1521 703 1604 primus
718 1524 751 1584 et
764 1521 895 1584 ultimus
910 1519 1003 1584 ordo:

128 1603 190 1667 Est
210 1602 308 1684 mala,
331 1602 387 1666 sed
409 1603 531 1668 cuncta
552 1605 615 1668 ista
635 1605 768 1669 terenda
788 1605 881 1670 viaet.

85 1685 257 1751 Exoranda
278 1686 365 1750 canis
386 1687 449 1750 tria
471 1689 546 1750 sunt
566 1688 715 1752 latrantia
736 1689 832 1770 eolla,
944 1704 947 1708 ”

6 1819 8 1826 .
129 1767 348 1836 Scandendast
368 1771 453 1834 torvi
473 1770 602 1854 publica
624 1772 736 1854 cymba
757 1772 852 1836 senis.
1149 1829 1159 1860 o

86 1853 146 1919 Ille
167 1855 244 1919 licat
265 1853 349 1918 ferro
372 1857 483 1919 cautus
505 1874 539 1918 se
562 1855 678 1918 condat
699 1858 732 1919 et
752 1877 838 1939 aere,
1013 1869 1046 1917 25
1182 1879 1184 1882 ’
1311 1883 1312 1886 “

6 1933 8 2014 l
127 1937 215 2002 Mors
236 1939 345 2001 tamen
366 1937 524 2003 inclusum
544 1937 704 2023 protrahit
724 1939 799 2003 inde
821 1942 925 2022 eaput.
1311 1941 1312 1948 ’

6 2033 7 2052 ³
83 2021 183 2088 Nirea
203 2042 271 2086 non
291 2021 388 2086 facies
426 2043 493 2086 non
513 2021 561 2086 vis
584 2023 701 2087 exemit
720 2022 886 2106 Achillen,

6 2147 7 2194 j
127 2105 280 2173 Croesum
301 2108 370 2189 aut,
392 2071 517 2176 l'aotoli
538 2127 616 2191 quas
660 2107 722 2172 arit
742 2129 848 2192 umor,
871 2129 958 2191 opes.

6 2219 7 2276 ς
82 2190 147 2256 Hic
168 2191 247 2256 olim
267 2190 397 2274 ignaros
419 2191 523 2255 luctus
548 2212 613 2275 pop
649 2191 715 2258 a'rit
734 2189 891 2276 Achivos,

127 2275 260 2339 Atridae
281 2295 400 2360 magno
423 2275 607 2340 oum⁰stetit
628 2277 708 2340 alter
729 2297 826 2342 amor.
1011 2289 1046 2338 ao

6 2363 7 2434 ἴ
82 2361 130 2424 Α1
150 2359 227 2442 tibi,
247 2361 361 2442 nauta,
382 2359 452 2442 pias
472 2357 639 2424 hominum
659 2361 714 2445 qui
734 2360 842 2426 unicis
864 2359 1008 2444 umbrae,

124 2441 195 2506 Hoc
216 2442 339 2508 animae
359 2444 490 2526 portent
510 2462 625 2526 corpus
645 2443 741 2507 inane
763 2464 855 2508 suae:

83 2527 154 2602 Qua
176 2525 301 2592 Siculae
323 2526 425 2590 victor
445 2525 568 2590 telluris
591 2525 741 2592 Claudius
764 2530 797 2592 et
817 2549 879 2610 qua

6 2675 7 2682 ,
127 2609 255 2694 Caesar,
278 2609 318 2674 ab
339 2609 479 2674 humana
500 2611 596 2676 cessit
617 2611 652 2676 in
673 2614 758 2676 astra
778 2612 839 2677 via.

489 2741 640 2752 -ι--ι--ι-

384 2823 519 2898 nrm
547 2823 738 2927 [remur]

80 2947 227 3014 Obicitur
247 2947 366 3011 totiens
389 2967 408 3010 a
427 2949 460 3012 te
482 2946 562 3010 mihi
582 2951 693 3012 nostra
714 2949 828 3014 libido:

6 3069 7 3078 =
125 3031 226 3098 Crede
247 3031 325 3095 mihi
332 3080 341 3113 ‚
363 3031 453 3096 vobis
475 3031 611 3116 imperat
630 3032 693 3096 ista
712 3054 746 3097 m
791 3034 825 3096 ‘a

6 3115 8 3174 l
78 3115 166 3199 Vos,
187 3116 244 3180 ubi
266 3117 441 3200 contempti
461 3116 592 3200 rupistis
613 3116 705 3181 frena
725 3138 769 3201 pu
792 3117 871 3201 oris,

123 3198 265 3266 Nescitis
288 3202 397 3282 captae
418 3200 535 3265 mentis
556 3200 674 3265 habere
695 3201 833 3265 modum.

75 3286 226 3352 Flamma
246 3304 303 3367 per.
323 3285 469 3352 incensas
493 3285 587 3349 eitius
609 3283 735 3350 sedetur
756 3285 885 3364 aristas,
1024 3299 1041 3350 1

121 3367 333 3451 Fluminaque
355 3367 395 3431 ad
416 3368 515 3433 fontis
538 3367 604 3432 sint
623 3367 764 3433 reditura
781 3373 889 3453 caput,

73 3453 123 3521 Et
143 3451 305 3538 placidum
328 3450 436 3536 Syrtes
457 3454 586 3536 portum
606 3454 640 3516 et
660 3451 744 3516 bona
765 3455 875 3520 littora
894 3455 1000 3519 nautis

119 3537 280 3607 Praebeat
300 3536 441 3622 hospitio
463 3557 556 3603 saeva
576 3535 681 3601 Malea
702 3556 775 3626 suo,
