2632 4140
536 195 749 254 PRAEFATIO.
1055 211 1119 260 XXI

155 367 320 444 Praetereo
333 365 398 426 toto
412 363 484 425 hoec
498 363 657 441 descriptio
675 359 715 444 [r.
732 361 879 445 15-30]
895 367 1022 429 vertitur
1036 368 1069 427 in
1082 388 1119 430 eo

158 454 196 510 ut
212 451 292 510 dicat
306 448 481 526 Propertius
496 468 527 508 se
542 449 664 526 proprio
679 467 780 508 eruore
795 449 932 510 edoctum
946 453 1037 512 etiem
1051 453 1119 513 aldis

159 535 254 596 simili
274 532 380 594 ardore
401 533 546 609 correptis
565 533 702 594 didicisse
723 535 884 596 consulere.
914 535 1018 613 Itaque
1032 555 1118 612 repo-

157 619 293 682 nendum
307 633 382 692 esce
396 619 506 692 cudere.
529 617 674 678 Similiter
687 621 842 695 peceatum
855 620 888 679 in
901 619 1117 696 Priapessl.

224 702 249 776 I,
268 704 351 776 11,1
376 703 490 776 mquid,
511 701 638 764 fortusse
659 705 755 777 ecqud·
774 721 882 780 nempe
901 706 971 764 dex
984 706 1119 780 proxime
1138 757 1142 764 .

157 786 398 848 heterovidetur
412 787 599 862 provenisse;
614 788 656 846 ib.
671 787 748 848 Bais
761 787 800 861 N,
815 789 896 863 quod
908 789 1021 849 reduxi.

224 871 265 932 ib.
282 873 301 930 3
315 875 342 930 te
355 869 456 931 Protei
469 869 655 945 Parrhasius,
672 871 822 946 Thesproti
836 872 901 933 cdd.

226 956 268 1014 ib.
285 956 304 1014 5
320 956 441 1016 ederem
456 954 491 1028 G,
507 957 647 1018 adducere
661 955 699 1014 N.

226 1041 268 1098 ib.
287 1041 326 1099 10
341 1041 461 1114 crambe·
475 1039 518 1098 ita
533 1058 650 1116 semper
664 1039 729 1098 cdd.
744 1039 941 1116 Properbiani,
956 1059 1118 1116 numquam

161 1125 277 1193 cumba,
298 1125 356 1182 etsi
377 1141 464 1200 scope
479 1123 551 1182 olibi
565 1123 608 1182 ite
621 1124 771 1199 reperitur
785 1125 943 1200 scriptum3
966 1127 1068 1186 contro
1086 1125 1119 1184 in

158 1209 256 1269 isdem
276 1208 385 1286 ubique
406 1226 510 1270 mestre
525 1240 566 1250 —-
580 1211 699 1283 praeter
718 1204 779 1282 HI,
797 1209 851 1282 19,
870 1211 924 1283 16,
947 1209 998 1268 ubi
1018 1211 1119 1268 temen

159 1295 209 1353 est
222 1310 332 1352 nomen
345 1293 501 1371 proprium
517 1323 567 1365 -,
584 1295 615 1352 et
628 1309 772 1354 murreus.

224 1377 265 1436 ib.
283 1377 322 1436 18
342 1381 456 1438 veretur
468 1374 588 1454 Lehm,
611 1379 729 1442 timetur
748 1377 829 1454 quod
848 1396 884 1438 ex
898 1397 928 1438 v.
945 1377 986 1438 20
999 1377 1120 1438 videtur

158 1461 315 1536 irrepsisse
330 1459 395 1519 cdd.

224 1545 265 1604 ib.
282 1545 320 1602 21
337 1563 357 1604 a
370 1545 587 1619 Lachmannus,
603 1563 645 1610 ceo
658 1543 738 1607 libri.
768 1545 833 1605 Hee
848 1548 992 1622 perpetuo
1007 1547 1119 1606 intense

161 1630 274 1689 mixtae
288 1631 320 1688 et
333 1629 473 1689 confusae
487 1631 620 1689 voculae.

224 1713 249 1788 Ι,
263 1714 312 1786 12,
326 1714 343 1770 2
361 1711 487 1788 Orestide
499 1713 579 1787 Itali,
596 1715 710 1776 conscia
725 1713 790 1773 edd.
820 1713 867 1772 Ite
881 1714 990 1790 prioris
1006 1716 1120 1791 elegiae

159 1817 191 1858 v.
208 1797 274 1856 lin
288 1795 315 1858 G
335 1816 390 1874 pro
407 1795 532 1874 Cynthio
550 1797 642 1858 hebes
656 1799 771 1869 idicem
790 1797 831 1872 H,
849 1801 876 1872 7,
896 1801 933 1856 11
948 1799 982 1857 in
995 1797 1024 1857 N
1037 1801 1119 1868 libid,

160 1883 214 1941 ubi
235 1901 305 1942 sene
327 1882 429 1942 statim
450 1881 585 1958 sequitur
603 1881 684 1942 idem
702 1881 889 1944 vocobulum.
906 1913 947 1923 -
967 1883 1008 1942 ib.
1023 1881 1120 1944 umore

162 1967 298 2040 Hertzb,
314 1967 396 2025 cuius
411 1965 538 2026 videnda
552 1965 721 2040 adnotatis,
736 1965 832 2037 Repe
845 1965 925 2024 libri.

224 2051 265 2117 ib.
283 2051 321 2110 19
337 2051 469 2112 desistere
483 2051 617 2124 Puccius,
633 2051 777 2112 dissidere
789 2047 828 2124 N,
843 2049 984 2110 discedere
997 2047 1033 2122 (l,
1048 2069 1077 2108 v.

224 2135 317 2210 Ι,’13,
336 2136 374 2196 13
396 2135 498 2196 Modus
518 2153 570 2194 cur
589 2152 692 2196 rumor
712 2153 773 2198 nou
793 2135 927 2210 potuerit
946 2133 1002 2192 dici
1017 2153 1034 2192 o
1047 2133 1120 2194 Pro-

162 2221 261 2296 pertio
283 2219 312 2278 h.
328 2221 349 2278 1.
370 2222 440 2296 post
459 2238 493 2278 eo
507 2238 581 2294 quae
595 2238 644 2280 vv.
661 2221 690 2278 ⁷.
707 2221 725 2279 8
741 2221 967 2293 memoraverat,
983 2218 1120 2296 equidem

163 2323 225 2364 non
238 2304 392 2382 intellego.
424 2303 573 2379 Hauptius
593 2321 647 2380 pro
662 2304 739 2364 mulo
753 2303 836 2362 dedit
849 2305 907 2372 aio,
922 2321 980 2378 quc
993 2303 1119 2379 Proper-

163 2389 224 2448 tius
243 2407 305 2448 non
325 2387 421 2466 magis
441 2407 530 2463 quem
545 2385 683 2454 Tibullus
702 2387 800 2447 forme
813 2387 918 2446 utitur.
947 2386 1032 2444 Idem
1046 2387 1121 2446 nihil

164 2493 200 2532 ex
214 2492 249 2533 eo
269 2474 361 2534 verbo
383 2471 542 2532 adhibuere
561 2471 619 2531 nisi
633 2471 665 2530 id
679 2471 759 2548 quod
772 2473 819 2531 est
833 2473 884 2540 ad,
905 2473 1026 2548 excepto
1041 2471 1121 2546 quod

164 2557 243 2634 opud
258 2557 381 2618 Sextum
397 2575 433 2618 ex
447 2556 611 2616 communis
625 2556 705 2616 vitoe
719 2575 776 2616 usu
789 2556 884 2632 petita
898 2555 1035 2615 feruntur
1049 2556 1121 2614 hoec

165 2643 240 2718 quod
261 2643 357 2711 aseer,
378 2646 412 2702 ee
430 2643 525 2701 uiuet.
554 2641 713 2702 Praetereo
732 2640 765 2700 in
784 2641 805 2700 l.
821 2639 859 2716 V,
875 2641 926 2716 qui
939 2639 1060 2700 maioris
1075 2641 1122 2699 est

165 2727 312 2803 spiritus,
323 2726 436 2802 legitur
457 2727 485 2799 2,
503 2727 520 2784 7
536 2731 563 2786 et
576 2727 670 2788 ddunt.
700 2725 840 2786 Ceterum
855 2723 988 2784 addendo
1002 2723 1056 2782 illo
1071 2740 1121 2799 epo

167 2829 254 2887 scope
269 2811 379 2869 mirum
393 2811 425 2869 in
439 2809 562 2892 modum
574 2811 714 2870 liberales
729 2810 861 2886 elegiaci.

227 2897 268 2954 ib.
291 2895 331 2953 24
352 2895 389 2955 ab
411 2893 558 2970 Scaliger,
578 2896 613 2954 dre
632 2895 713 2968 cdd.;
736 2894 772 2952 cf.
794 2913 870 2968 quae
895 2893 1064 2954 notavimus
1084 2891 1122 2950 cd

166 2979 232 3039 Tib.
249 2979 304 3053 III,
321 2981 350 3052 3,
367 2981 423 3054 383
438 2981 517 3053 lupus
530 2977 624 3051 idem,
644 2980 724 3054 repis
738 2976 927 3036 Schraderus.
1012 3018 1017 3027 ,

228 3063 269 3123 ib.
287 3065 326 3123 29
343 3065 449 3140 dignae
462 3061 500 3122 N.
515 3061 666 3136 Heinsius,
682 3063 772 3137 dioec
786 3066 813 3120 et
826 3060 891 3119 edd.

228 3149 269 3207 ib.
287 3149 336 3206 35.
358 3149 450 3208 Recte
465 3165 570 3208 sensus
584 3147 720 3207 distinxit
732 3144 835 3204 chm.

230 3232 271 3290 ib.
288 3233 328 3292 36
349 3237 537 3306 quotcumque
550 3231 652 3292 Douse
670 3231 764 3306 poter,
786 3228 982 3302 quodcumque
995 3225 1032 3305 G,
1053 3247 1121 3306 quo·

229 3400 254 3475 I,
273 3402 322 3475 14,
339 3401 358 3461 5
373 3402 451 3464 udde
464 3402 578 3474 Lehm,
593 3415 678 3460 omne
691 3396 756 3458 cdd.

230 3487 270 3545 ib.
289 3487 329 3544 24
343 3505 437 3563 repca
451 3491 512 3548 cul.
534 3484 635 3560 Vulgo
650 3481 784 3544 scribunt
798 3500 834 3543 ex
848 3479 875 3543 G
888 3499 981 3560 reond
994 3501 1054 3546 eree.
1079 3481 1123 3541 At
