2630 4110
456 217 671 276 PRAEFATIO.
986 229 1048 278 LXI

78 393 121 452 Ae
141 391 277 468 primum
297 386 420 464 quidem
439 387 564 448 liberius
582 389 729 448 habentur
746 405 834 448 voces
847 388 978 465 plurimo
993 407 1050 448 usn

79 475 247 536 communis
268 473 415 534 sermonis
434 472 582 533 adhibitae
612 475 643 532 et
670 473 754 548 quasi
777 473 916 547 detritas,
946 473 1049 550 quales

80 563 150 620 sunt
170 558 407 630 coniunctiones,
427 557 671 633 praepositiones,
693 557 841 632 adverbia,
861 558 1049 634 pronomina.

79 643 196 704 Deinde
211 642 401 719 perspicuam
416 641 453 700 ob
465 658 582 702 causam
596 641 712 702 facilius
722 643 877 700 mutantur
889 642 972 718 leges
987 659 1049 700 car·

80 729 171 788 minis
190 728 225 786 in
244 727 409 784 mulierum
434 724 616 802 syllabarum
636 743 725 800 quam
743 727 831 784 nnius
851 743 905 785 sen
923 725 1049 784 duarum

80 811 246 872 vocabulis.
276 809 356 868 Nam
370 827 428 884 quo
444 810 502 868 erit
515 811 614 868 minus
629 811 699 884 apta
711 811 844 886 numeris
857 828 926 886 pars
941 811 1048 870 oratio-

80 898 135 969 nis,
152 913 189 954 eo
205 895 374 970 promptius
386 893 526 954 excitabit
539 893 675 952 licentias
689 894 796 970 quibus
811 893 1051 954 accommodetur

81 982 179 1039 metro
195 997 259 1038 suo.
292 977 351 1037 Sed
364 978 529 1052 plurimum
544 978 580 1036 ab
595 977 721 1037 Homeri
735 980 767 1036 et
779 977 904 1037 Hesiodi
917 977 987 1038 inde
1002 996 1049 1037 ae·

80 1066 142 1124 tate
157 1081 253 1138 usquc
268 1061 305 1122 ad
320 1061 483 1138 Georgium
497 1061 622 1122 Pisiden
643 1064 674 1120 et
687 1061 857 1138 Eugenium
873 1061 1049 1121 Toletanum

81 1148 221 1208 versibus
241 1147 342 1206 evenit
360 1145 509 1206 libertatis
529 1165 547 1204 a
565 1145 737 1204 nominibus
756 1146 887 1220 propriis
906 1164 981 1220 quae
1006 1146 1049 1204 di·

82 1235 201 1292 cuntur.
245 1229 325 1290 Nam
351 1248 418 1290 cnm
442 1229 555 1306 optimo
582 1247 699 1305 quoque
721 1232 855 1306 tompore
877 1247 980 1288 eorum
1001 1231 1050 1290 vel

82 1315 283 1392 quantitatem
296 1314 346 1375 vel
359 1315 487 1374 formam
501 1315 643 1374 inmutari
654 1313 813 1374 haberetur
826 1314 909 1374 nefas
924 1331 1051 1390 eumque

83 1401 304 1460 delectarentur
331 1398 427 1458 isdem
455 1401 561 1474 pottae
589 1401 707 1458 veteres
727 1399 837 1457 mirum
857 1399 889 1457 in
917 1397 1048 1474 modum,

82 1485 166 1544 uaria
180 1482 305 1542 artificia
316 1501 349 1542 ac
359 1483 535 1559 praestigias
549 1483 678 1543 inveniri
692 1483 835 1560 oportuit,
851 1486 886 1544 ut
899 1483 953 1542 illa
967 1485 1049 1558 apta·

82 1572 191 1628 rentur
205 1568 316 1628 versui.
344 1565 444 1644 igitur
462 1568 593 1642 primum
613 1565 733 1644 quidun
747 1585 809 1626 non
823 1567 880 1626 erit
893 1568 1004 1626 mirum
1018 1568 1051 1626 in

83 1653 158 1728 ipsis
179 1651 351 1712 nominibus
364 1653 528 1710 metrorum
543 1669 630 1728 saepe
649 1651 773 1727 reperiri
787 1651 938 1728 licentias3
959 1651 1050 1710 simili

83 1741 187 1796 tamen
207 1753 240 1794 ao
259 1735 325 1810 pari
344 1735 482 1794 libertate
501 1734 642 1794 fruuntur
661 1735 753 1795 rerba
771 1737 904 1810 proxime
933 1752 1051 1811 praece-

85 1821 202 1894 dentis,
225 1818 383 1894 aliquando
404 1821 435 1878 et
448 1820 623 1896 postposita.
653 1817 783 1878 Omnino
798 1817 914 1878 facilius
928 1837 976 1878 ars
990 1837 1051 1877 mo-

84 1907 124 1964 tri
138 1904 272 1965 violatur
285 1904 319 1962 in
332 1905 376 1962 eis
389 1903 526 1963 uersibus
540 1903 649 1978 quibus
669 1903 749 1961 inest
763 1919 872 1960 nomen
887 1901 1052 1977 proprium.

36 2059 41 2068 ⁴
84 1988 245 2048 Praeterea
257 1987 349 2047 simili
360 1987 503 2048 fruuntur
513 1985 686 2062 exceptione
695 1985 839 2045 vocabula
849 2003 954 2061 graeca
964 2004 1052 2061 quse·

84 2073 162 2132 libet
175 2074 207 2130 et
220 2071 343 2130 termini
356 2070 483 2131 teolmici
497 2089 571 2147 quos
585 2071 702 2130 uocant.

148 2155 206 2214 ΠΙ.
231 2155 367 2214 Tertium
385 2173 481 2232 genus
499 2155 648 2214 libertatis
668 2155 768 2214 evenit
782 2155 911 2220 *carmini
931 2155 968 2214 ab
989 2174 1053 2214 ora·

85 2241 164 2301 toria
177 2240 324 2299 sermonis
338 2239 533 2300 concitatione
547 2240 691 2316 grauique
704 2239 873 2298 emmenum
888 2238 1051 2300 affectione.

85 2326 113 2384 A
132 2343 193 2400 qua
211 2324 365 2383 remissior
383 2343 431 2382 ars
452 2326 483 2382 et
502 2325 619 2383 numeri
638 2323 879 2400 neglegentiores
899 2323 971 2382 adeo
992 2342 1053 2382 non

86 2412 158 2468 sunt
173 2408 278 2480 alieni,
296 2406 449 2466 interdum
463 2409 498 2466 ut
516 2408 679 2483 plurimum
698 2406 808 2466 iaciant
822 2407 860 2465 ad
873 2407 1052 2484 elegantiam

85 2510 202 2552 versus.
233 2489 373 2551 Ceterum
393 2491 570 2568 plerumque
591 2508 687 2552 sermo
709 2491 885 2550 commotior
905 2491 1054 2550 indicatur

85 2577 249 2636 uerborum
263 2577 316 2634 aut
329 2575 527 2636 cumulatione
540 2577 592 2635 ant
605 2575 761 2636 iteratione
777 2576 839 2636 sive
855 2574 1052 2650 oppositione.

85 2660 248 2720 Praeterea
260 2659 293 2719 in
307 2660 440 2720 oratione
454 2660 645 2736 quantumvis
659 2659 721 2718 leni
735 2659 917 2734 minimeque
930 2659 1055 2716 incitata

85 2749 189 2804 tamen
209 2764 227 2802 a
244 2744 407 2804 multarum
426 2763 527 2804 rerum
547 2744 768 2804 enumeratione
788 2741 935 2818 quaedam¹
962 2743 1053 2807 eti-um

86 2831 190 2901 oritur¹
199 2829 324 2894 libertas
336 2829 435 2888 metri.

149 2911 224 2972 1111.
246 2912 287 2971 Et
299 2911 371 2971 haec
384 2913 505 2988 quidem
520 2913 727 2989 exceptionum
742 2929 852 2989 genera
865 2911 931 2986 ipsa
945 2913 1054 2969 natura

85 3015 192 3058 uersus
208 2999 240 3055 at
259 2997 404 3056 sermonis
424 2997 570 3057 oriuntur.
595 2996 666 3056 Alia
685 3015 756 3058 vero
772 3011 964 3072 aprogressu
979 2996 1052 3054 artis

85 3083 150 3144 sius
165 3081 286 3140 defecta
298 3083 524 3157 temporumque
538 3081 706 3142 intervallis
727 3083 759 3140 et
772 3077 944 3140 diversitate
959 3079 1053 3152 poeti·

86 3185 191 3226 corum
211 3183 335 3241 operum
354 3166 524 3242 repetenda.
554 3165 619 3236 Qua
637 3165 670 3224 in
689 3183 723 3224 re
737 3181 772 3224 eo
786 3163 918 3238 potiores
932 3161 1055 3223 fuerunt

85 3250 224 3324 Romani,
240 3249 321 3325 quod
335 3249 415 3326 apud
427 3251 509 3326 ipsos
523 3251 665 3324 pleraque
679 3250 775 3307 metra
788 3243 925 3322 legitimo
940 3265 1053 3308 sucees-

85 3353 121 3396 su
139 3336 290 3395 uenerunt
310 3333 348 3392 ed
367 3333 595 3409 perfectionem,
618 3350 685 3390 cum
705 3331 784 3408 apud
798 3329 925 3392 Graecos
939 3333 990 3408 qui
1004 3349 1054 3391 ve·

84 3419 247 3479 tristissimi
267 3421 404 3478 auctores
424 3418 497 3476 artis
517 3435 553 3476 ex
572 3417 658 3492 parte
672 3417 733 3476 sint
746 3417 778 3475 et
795 3415 1053 3492 praestantissimi.

84 3503 246 3564 Praeterea
263 3502 482 3581 posterioribus
502 3501 609 3562 horum
629 3500 728 3562 offecit
747 3501 841 3562 nimia
859 3499 984 3560 Homeri
1004 3515 1053 3555 an·
