2632 4140
97 257 170 326 nr]
271 333 274 338 ¹
491 253 599 308 111111
619 252 694 338 111.-

144 417 254 499 Oalve,
277 419 332 480 tua
353 415 461 499 venie,
483 436 577 498 paee,
600 413 741 497 Catulle,
763 416 827 477 tua.

98 501 194 566 Miles
218 501 371 585 depositis
394 520 532 563 annosus
554 498 683 562 secubat
703 499 814 581 armis,
1045 507 1062 558 ὅ

143 585 384 666 Grandaevique
406 585 527 668 negent
549 582 662 647 dueere
684 585 787 646 aratra
808 581 923 666 boves,

100 667 208 734 Putris
231 671 264 732 et
284 669 319 731 in
339 688 438 731 vacua
458 665 629 750 requiescit
647 666 738 730 navis
762 686 871 745 arena,

143 752 188 816 Et
208 755 298 816 vetus
320 752 355 814 in
376 749 495 833 templo
518 750 633 814 bellica
653 771 763 834 parma
784 752 888 814 vacat:

101 836 148 899 Ar
168 857 219 900 me
242 836 281 899 ab
303 855 408 898 amore
429 837 484 898 tuo
508 833 635 898 didue'et
655 835 745 898 nulla
766 835 927 915 senectus,
1119 885 1122 892 .

145 919 217 984 Sive
239 939 299 1004 ego
321 917 477 982 Tithonus
499 918 564 982 sive
587 938 647 1015 ego
668 917 788 983 Nestor
810 939 872 982 ero.
1030 929 1061 978 10

100 1001 219 1068 Nonne
240 1003 302 1067 fuit
323 1003 420 1067 satius
442 1001 520 1065 duro
543 1023 660 1066 servrre
682 1004 818 1084 tyranno

144 1087 189 1152 Et
208 1105 336 1172 gemere
358 1087 393 1150 in
413 1088 520 1168 tauro,
543 1107 635 1150 saeve
657 1083 786 1168 Perille,
808 1083 886 1148 tuo?
968 1163 969 1166 Ἴ

1 1230 2 1252 ,
102 1169 264 1256 Gorgonis
287 1173 318 1234 ei
339 1171 436 1234 satius
458 1169 520 1233 fuit
541 1168 748 1234 obdurescere
769 1167 880 1233 vultu?

1 1321 2 1328 ¹
73 1257 77 1265 ’
146 1253 312 1319 Caucasias
335 1255 429 1318 eiiam
450 1253 478 1318 si
498 1256 678 1338 pateremur
699 1253 794 1318 aves?

1 1369 2 1408 1
101 1338 166 1404 Sed
186 1341 294 1402 tamen
315 1337 477 1402 obsistam.
515 1337 629 1402 teritur
650 1338 797 1423 rubigine
819 1357 954 1477 1111101οΗ
1029 1349 1060 1400 10

1 1461 2 1510 p
146 1419 278 1486 Ferreus
300 1425 332 1485 ei
353 1443 450 1504 parvo
473 1443 566 1506 saepe
587 1421 710 1505 liquore
732 1421 825 1504 silex:

1 1525 2 1550 ³
100 1505 149 1570 At
169 1505 257 1570 nullo
280 1505 426 1570 dominae
447 1505 560 1570 teritur
581 1506 744 1570 molimine
771 1509 908 1571 amator:

145 1589 257 1654 Restat
278 1592 311 1654 et
332 1589 479 1654 inmerito
499 1589 636 1654 suetinsi
657 1612 730 1654 aure
752 1591 865 1654 minas.

1 1703 2 1706 ¹
102 1671 197 1737 Vltro
221 1676 421 1756 contemptus
442 1677 537 1758 rogat
558 1677 591 1738 et
611 1695 758 1770 peeeesse
780 1675 898 1738 fatetur

145 1756 262 1822 Laesus
285 1760 317 1822 et
337 1757 445 1822 invitis
467 1759 535 1840 ipse
556 1756 640 1821 redit
660 1757 802 1842 pedibus.
1027 1771 1061 1820 20
1104 1771 1106 1776 ·

1 1863 2 1896 1
102 1841 153 1906 Tu
175 1861 316 1926 quoque,
340 1841 394 1924 qui
415 1841 511 1925 pleno
534 1841 635 1906 fastus
657 1841 796 1906 adsumis
818 1861 939 1924 amore,

146 1923 295 2008 Credula,
318 1925 407 1989 nulla
428 1925 481 1990 diu
502 1926 622 1989 femina
642 1925 767 2010 pondus
788 1924 893 1988 habet.

101 2010 158 2075 An
179 2009 344 2094 quisquam
365 2009 401 2072 in
421 2009 534 2074 mediis
556 2009 709 2093 persolvit
729 2011 803 2072 vota
823 2008 988 2092 procellis,

1 2147 2 2178 p
147 2092 228 2160 Cum
250 2114 343 2178 saepe
364 2094 400 2157 in
421 2097 516 2178 portu
537 2093 639 2158 fracta
660 2093 767 2158 carina
787 2091 898 2156 natet?

1 2181 2 2262 1
98 2177 171 2242 Aur
191 2177 278 2260 prius
300 2177 419 2242 infesto
441 2177 585 2262 deposcit
606 2178 746 2262 praemia
768 2198 875 2260 eursu,
1028 2189 1061 2238 25

1 2297 2 2300 ¹
145 2259 186 2325 Se
208 2262 286 2326 tima
307 2283 402 2346 quam
424 2267 542 2326 metam
564 2262 687 2326 triverit
708 2264 782 2325 ante
802 2261 894 2325 rota?

1 2365 2 2414 ἒ
99 2283 272 2422 Mendaoes
295 2345 409 2427 ludunt
429 2345 522 2409 flatus
544 2345 579 2410 in
600 2367 706 2410 amore
729 2344 874 2412 secundi:

1 2468 2 2489 1
145 2427 244 2512 Siqua
264 2429 351 2493 venit
372 2450 458 2512 sero,
480 2449 600 2514 magna
621 2429 713 2492 ruina
734 2428 830 2492 venit.

99 2513 152 2576 Tu
172 2515 280 2577 tamen
300 2513 436 2597 interea,
459 2513 603 2598 quamvis
624 2515 656 2577 te
679 2511 793 2610 diligat
813 2512 883 2594 illa,

1 2598 2 2662 Ὺ
144 2595 185 2660 In
204 2597 302 2661 tacito
325 2597 438 2662 eohibe
459 2597 576 2683 gaudia
597 2596 704 2662 clausa
726 2617 807 2661 smu.
1029 2611 1061 2659 30

1 2691 2 2736 ἓ
95 2680 248 2764 Namque
269 2682 304 2745 in
325 2701 431 2746 amore
453 2703 510 2746 suo
533 2703 657 2766 semper
679 2703 736 2746 sua
756 2681 893 2746 maxima
915 2680 1027 2764 euiquo

145 2763 327 2848 Nescioquo
349 2767 443 2850 paeto
466 2766 562 2831 verba
582 2786 698 2831 nouere
720 2765 834 2830 solent.

95 2848 254 2924 Quamvis
275 2852 308 2912 te
329 2871 480 2934 persaepe
501 2852 609 2932 voeet,
632 2849 730 2914 semel
750 2850 796 2913 ire
816 2851 991 2914 memento:

143 2929 300 2996 Invidiam
323 2933 407 3016 quod
427 2932 540 3016 habet,
562 2953 630 2996 non
651 2933 735 2996 solet
756 2953 825 2996 esse
847 2931 909 2996 diu.

94 3018 150 3083 Ar
172 3015 199 3079 si
220 3017 324 3081 saeela
344 3016 451 3082 forent
471 3016 610 3100 antiquis
631 3017 762 3100 †grata
781 3016 915 3098 puellis,
1029 3029 1061 3077 35

143 3098 258 3164 Essem
281 3121 356 3186 ego,
379 3101 463 3184 quod
484 3122 570 3166 nune
591 3102 640 3166 tu:
664 3103 808 3183 tempore
822 3099 934 3162 vineor
949 3118 1019 3183 ego.

90 3183 179 3251 Non
199 3187 308 3248 tamen
329 3185 392 3248 ista
412 3205 500 3250 meos
522 3184 691 3250 mutabunt
711 3182 836 3248 saeoula
857 3202 977 3246 mores:

142 3265 235 3332 Vnus
258 3269 389 3352 quisque
412 3291 469 3334 sue
488 3267 614 3333 noverit
635 3267 681 3330 ire
702 3267 762 3331 via.

84 3354 145 3420 Ar
169 3371 241 3434 vos,
264 3352 319 3434 qui
340 3352 445 3416 officia
465 3353 501 3416 in
521 3351 639 3416 multos
661 3350 817 3415 revocatis
840 3371 977 3435 amores,

142 3434 307 3510 Quantum
329 3435 375 3500 sie
397 3435 516 3500 eruoiat
537 3434 658 3499 lumina
679 3437 784 3499 vestra
806 3433 912 3500 dolori
1030 3448 1065 3497 40

85 3518 237 3588 Vidistis
260 3519 356 3602 pleno
378 3523 521 3584 teneram
543 3517 678 3584 candore
700 3519 852 3604 puellam,

146 3622 303 3663 Puormnrvs.
895 3627 914 3675 4
