2636 4146
99 207 181 278 55]
481 204 589 260 manu
609 205 643 260 v.
1000 202 1058 262 111

99 368 208 432 Nanus
231 367 354 451 etipse
376 387 450 431 suos
474 367 610 430 breviter
632 367 797 431 concretus
820 366 854 430 in
877 369 962 429 artus

138 450 283 516 lactabat
303 455 432 515 truncas
455 450 496 515 ad
518 472 594 516 cava
614 450 699 514 buxa
719 471 841 514 manus.

100 535 159 600 Sed
181 556 284 618 neque
306 535 460 619 suppletis
483 534 651 600 constabat
671 534 799 598 flamma
819 534 972 616 lucernis,

138 617 283 684 Reccidit
303 618 400 702 inque
423 639 497 682 suos
518 640 630 682 mensa
651 619 765 702 supina
785 617 891 702 pedes.

98 701 149 766 Me
171 722 297 786 quoque
310 723 368 786 per
388 703 471 766 talos
485 703 645 768 Venerem
667 705 835 787 quaerente
851 702 1005 770 secundos
1025 715 1059 764 45

139 785 270 870 Semper
291 786 438 850 damnosi
460 787 634 851 subsiluere
657 808 760 852 canes.

98 870 279 935 Cantabant
300 871 411 953 surdo,
433 870 598 936 nudabant
618 875 749 968 pectora
770 893 878 938 caeco:

16 965 17 1032 j
137 953 272 1019 Lanuvii
293 954 333 1018 ad
354 957 473 1038 portas,
497 955 526 1019 ei
547 953 641 1039 miln,
664 955 750 1020 solus
772 977 873 1041 eram3

15 1113 16 1116 Ἴ
98 1037 177 1102 Cum
199 1038 305 1102 subito
326 1039 414 1103 rauci
436 1042 609 1104 sonuerunt
631 1038 759 1104 cardine
780 1042 904 1122 postes,

137 1121 182 1186 Et
202 1122 286 1186 levia
307 1121 347 1186 ad
368 1123 670 1206 primosmurmuru
691 1123 776 1190 facta
797 1123 902 1190 Lares.
996 1175 997 1178 ¹
1023 1136 1058 1186 5ο

96 1205 163 1270 Nec
185 1226 285 1289 mora,
309 1227 381 1270 cum
403 1209 488 1270 totas
509 1208 674 1289 resupinat
695 1207 833 1291 Cynthia
854 1207 970 1291 valven,

136 1288 213 1355 Non
235 1309 369 1373 operosa
390 1291 504 1374 comit,
527 1289 582 1356 sed
604 1290 775 1356 furibunda
797 1291 922 1358 decens

95 1373 214 1438 Pocula
234 1373 280 1438 mi
301 1373 421 1460 digitos
443 1375 527 1438 inter
549 1375 690 1440 cecidere
711 1376 872 1458 remissos

135 1457 384 1542 Pallueruntque
405 1458 416 1521 i
440 1478 476 1523 so
498 1457 588 1524 labra
609 1460 714 1524 soluta
734 1481 832 1524 mero.

95 1541 258 1606 Fulminat
277 1541 334 1605 illa
356 1561 394 1607 oc
428 1542 456 1607 is
478 1545 511 1606 et
531 1545 685 1626 quantum
706 1544 825 1608 femina
847 1545 955 1628 saevit,
1023 1557 1056 1605 55

94 1671 106 1696 .
137 1624 159 1691 S
183 1625 339 1691 ectaclum
362 1627 454 1722 capta
475 1647 535 1690 nec
555 1627 661 1691 minus
682 1628 760 1691 urbe
781 1627 852 1692 fuit.

94 1648 261 1857 Phpllidcs
282 1710 382 1773 iratos
403 1731 439 1774 1n
460 1709 582 1773 voltum
604 1710 723 1774 conicit
743 1730 882 1794 ungues:

164 1793 261 1858 errita
282 1793 403 1858 vicinas
424 1793 503 1858 Teia
524 1793 640 1858 clamat
660 1815 767 1878 aquas.

12 1899 16 2018 p
97 1875 233 1942 Lumina
254 1878 375 1961 sopitos
396 1878 528 1942 turbant
549 1876 631 1941 elata
652 1877 800 1961 Quirites,

136 1961 248 2026 Omnis
271 1967 303 2026 et
323 1961 437 2026 insana
458 1961 571 2026 semita
591 1964 687 2028 nocte
709 1959 810 2027 sonat.
1020 1975 1054 2024 5ο

95 2045 172 2110 Illas
195 2045 389 2129 direptisque
411 2046 510 2111 comis
531 2045 711 2130 tunicisque
733 2045 847 2111 solutis

134 2129 265 2212 Excipit
286 2128 438 2194 obscurae
460 2130 564 2214 prima
583 2131 717 2196 taberna
738 2131 816 2196 vise.

94 2213 234 2298 Cynthia
254 2213 372 2298 gaudet
393 2214 428 2278 in
450 2215 569 2279 exuviis
591 2215 767 2299 victrixque
788 2215 922 2280 recurrit

133 2297 179 2362 Et
199 2319 270 2362 mea
291 2319 440 2382 perversa
462 2299 583 2363 sauciat
604 2319 661 2363 ora
681 2322 778 2364 manu

93 2381 285 2531 Inponitque
306 2384 417 2446 notam
439 2381 521 2446 collo
544 2403 713 2466 morsuque
736 2386 890 2466 cruentat,
1021 2396 1053 2445 55

160 2487 368 2549 raecrpueque
390 2465 509 2549 oculos,
533 2466 587 2549 qui
609 2487 751 2530 meruere
782 2465 866 2531 serit.

91 2551 122 2615 A
158 2571 198 2615 ue
219 2549 274 2614 ubi
294 2549 359 2634 iam
380 2549 499 2647 nostris
520 2515 801 2648 lassavit-bractia
822 2550 942 2636 plagis,

91 2633 778 2803 sittffturtrlutltzmu
791 2633 925 2783 tta.

133 2801 304 2948 Lypldame,
326 2802 373 2866 nil
395 2801 501 2884 potui:
523 2805 630 2866 tecum
652 2824 712 2887 ego
735 2806 845 2886 captus
867 2825 963 2867 eram.
1020 2817 1053 2866 75

160 2885 296 2970 p'cibus
317 2884 433 2970 palmis
455 2887 522 2948 tum
545 2885 671 2948 demum
693 2885 734 2949 ad
754 2886 885 2950 foedera
906 2887 988 2969 veni,

91 2887 215 3035 b'udum
236 2966 289 3066 yix
309 2967 659 3066 tangendos-praebuit
672 2969 733 3066 'illa
753 2969 866 3052 pedes,

90 3055 198 3137 Atque
220 3055 266 3116 a1t
287 3052 455 3117 ‘admrssae
477 3073 574 3116 srvis
596 3073 647 3116 me
668 3073 834 3138 ignoscere
856 3054 976 3137 culpae,

118 3136 262 3221 Accipe,
285 3159 364 3285 quae
386 3139 515 3202 nostrae
536 3137 673 3202 formula
695 3136 776 3222 legis
798 3137 867 3202 erit.

89 3221 140 3287 Tu
161 3241 264 3304 neque
313 3221 437 3304 ompeia
458 3221 634 3305 spatiabere
656 3219 760 3285 cultus
781 3221 816 3285 in
837 3221 959 3305 umbra,
1018 3237 1051 3285 75

130 3303 202 3370 Nec
223 3325 295 3369 cum
316 3305 468 3369 lascivum
490 3307 611 3369 sternet
631 3326 727 3369 arena
747 3305 862 3369 forum.

87 3389 183 3458 oolla
203 3388 279 3454 'cave
300 3388 442 3454 inflectas
465 3388 506 3452 sd
527 3410 685 3452 summum
700 3388 829 3472 obliqua
849 3390 1028 3456 theatrum

129 3475 200 3539 Aut
220 3472 333 3539 lectica
353 3477 426 3538 tuac
448 3473 531 3537 sidat
552 3475 661 3558 aperta
681 3494 799 3539 morae.
