2628 4116
641 151 809 212 curvum·

670 319 765 392 LIIr.

366 443 436 509 Risi
457 443 659 526 nescioquem
681 441 775 506 medo
798 462 816 504 e
837 461 969 525 corona,

365 527 441 610 Qui,
464 549 535 592 aum
556 526 688 590 mirifice
709 524 883 590 Vatiniana

364 611 455 676 Meus
477 611 610 674 erimina
631 607 746 676 Calvus
768 608 970 692 explicasset,

199 755 201 760 ,
364 694 536 759 Admiraus
557 694 603 758 ait
622 692 701 758 hasa
721 712 895 776 manusque
915 693 1049 779 tollens,

252 792 269 843 5
318 769 335 858 ΙΙ
365 778 425 843 ‘Di
445 779 570 864 magni,
593 777 784 861 salaputium
806 775 991 841 disertuml’

643 923 795 933 *—

520 1085 523 1091 .
659 1013 772 1089 LIIII.
888 1017 891 1022 ’

365 1140 501 1206 Othonis
524 1141 619 1222 eaput
640 1137 790 1220 oppidost
810 1137 962 1220 pusillum

563 1250 578 1286 *
683 1247 701 1285 *
805 1249 823 1286 *

335 1337 336 1340 “
363 1307 442 1374 Neri
462 1307 581 1372 rustica
602 1305 767 1370 semilauta
789 1325 893 1388 emma,

364 1391 487 1458 Subtile
509 1393 541 1454 et
561 1391 629 1454 leve
650 1388 792 1472 peditum
814 1389 955 1455 Libonis.

364 1558 487 1624 Sinon
509 1500 616 1622 omiiia
638 1498 941 1640 disblieeressvellem

364 1642 438 1707 Tibi
459 1645 492 1708 et
511 1640 632 1706 amero
655 1641 724 1705 seni
744 1643 869 1704 recocta

645 1778 795 1787 ...—

649 1859 783 1936 LHIP’.

362 1987 503 2052 Irascere
523 1987 639 2051 iterum
659 1985 740 2049 meis
761 1983 875 2050 iambis

364 2069 614 2158 Inmerentibus,
636 2069 729 2133 unice
750 2069 932 2151 imperatur.

643 2209 795 2218 --——--——

681 2289 755 2362 LV.

364 2413 516 2497 Oramus,
539 2413 567 2476 si
588 2411 670 2476 forte
692 2433 759 2476 non
780 2413 995 2496 molestumst,

364 2498 565 2580 Demostres,
587 2496 643 2560 ubi
665 2497 730 2560 sint
750 2499 824 2576 tuae
845 2497 1003 2563 tenebrae.

363 2579 409 2645 Te
431 2601 542 2677 campo
565 2581 776 2663 quaesivimus
797 2581 936 2663 minore,

362 2663 408 2729 Te
428 2665 464 2728 in
486 2685 585 2744 erreO,
606 2667 639 2728 te
660 2664 695 2729 in
717 2663 864 2729 omnibus
886 2665 1017 2749 libellis,

361 2748 407 2812 Te
428 2749 464 2812 in
483 2747 604 2831 templo
627 2749 742 2813 summi
763 2747 849 2814 Iovis
871 2751 1024 2814 sueram

363 2830 403 2896 In
424 2829 536 2916 Magni
557 2831 652 2896 simul
674 2833 889 2898 ambulatione

361 2914 518 2980 Femellas
540 2936 666 3000 omnes,
689 2917 804 3000 amice,
826 2916 953 3001 prendi,
1063 2927 1065 2930 ’

364 2997 450 3074 Quas
471 2999 562 3064 vultu
581 2999 647 3065 vidi
668 3003 777 3066 tamen
798 3022 933 3065 serenas.

360 3085 408 3164 A,
430 3083 482 3148 vel
501 3085 534 3148 te
556 3083 602 3148 sie
623 3085 691 3168 ipse
712 3083 911 3169 flagitabam,

237 3181 269 3230 10
362 3164 560 3246 ‘Camurium
581 3168 676 3253 mihi,
698 3167 855 3252 pessimae
876 3169 1022 3252 puellae.’

330 3243 336 3308 :'
363 3249 524 3326 Quaedam
545 3252 664 3336 inquit,
686 3249 808 3316 nudum
829 3252 935 3318 sinum
955 3253 1125 3340 reducens,

328 3345 332 3411 ξ
364 3333 435 3398 ‘En
452 3333 524 3399 heie
545 3336 580 3399 iu
601 3336 701 3400 roseis
723 3335 803 3400 latet
822 3337 972 3434 papillis!

238 3431 269 3480 13
331 3415 424 3496 ¹,Sed
444 3420 477 3482 te
500 3417 566 3482 iam
586 3419 669 3483 ferre
690 3419 840 3486 Herculei
861 3421 950 3484 labos
973 3423 1029 3484 est.
