<?xml version="1.0" encoding="UTF-8"?>
<!DOCTYPE html PUBLIC "-//W3C//DTD XHTML 1.0 Transitional//EN"
    "http://www.w3.org/TR/xhtml1/DTD/xhtml1-transitional.dtd">
<html xmlns="http://www.w3.org/1999/xhtml" xml:lang="en" lang="en">
 <head>
  <title>
</title>
<meta http-equiv="Content-Type" content="text/html;charset=utf-8" />
  <meta name='ocr-system' content='tesseract 3.04.00' />
  <meta name='ocr-capabilities' content='ocr_page ocr_carea ocr_par ocr_line ocrx_word'/>
</head>
<body>
  <div class='ocr_page' id='page_1' title='image "./catullitibullip01catugoog_0078.png"; bbox 0 0 2630 4110; ppageno 0'>
   <div class='ocr_carea' id='block_1_1' title="bbox 254 195 841 256">
    <p class='ocr_par' dir='ltr' id='par_1_1' title="bbox 254 195 841 256">
     <span class='ocr_line' id='line_1_1' title="bbox 254 195 841 256; baseline -0.003 0"><span class='ocrx_word' id='word_1_1' title='bbox 254 207 339 256; x_wconf 75' lang='lat' dir='ltr'>vax</span> <span class='ocrx_word' id='word_1_2' title='bbox 627 195 841 254; x_wconf 79' lang='lat' dir='ltr'><strong>PRAEFATIO.</strong></span> 
     </span>
    </p>
   </div>
   <div class='ocr_carea' id='block_1_2' title="bbox 252 362 1224 524">
    <p class='ocr_par' dir='ltr' id='par_1_2' title="bbox 252 362 1224 524">
     <span class='ocr_line' id='line_1_2' title="bbox 252 362 1224 440; baseline 0 -16"><span class='ocrx_word' id='word_1_3' title='bbox 252 365 446 440; x_wconf 87' lang='lat' dir='ltr'>optinetur</span> <span class='ocrx_word' id='word_1_4' title='bbox 466 362 639 439; x_wconf 81' lang='lat' dir='ltr'>spondeo.</span> <span class='ocrx_word' id='word_1_5' title='bbox 684 362 824 422; x_wconf 78' lang='lat' dir='ltr'>Alterum</span> <span class='ocrx_word' id='word_1_6' title='bbox 843 363 944 424; x_wconf 86' lang='lat' dir='ltr'>locum</span> <span class='ocrx_word' id='word_1_7' title='bbox 964 363 1113 440; x_wconf 76' lang='lat' dir='ltr'>dignitate</span> <span class='ocrx_word' id='word_1_8' title='bbox 1134 382 1224 424; x_wconf 86' lang='lat' dir='ltr'>occu·</span> 
     </span>
     <span class='ocr_line' id='line_1_3' title="bbox 252 448 962 524; baseline -0.001 -18"><span class='ocrx_word' id='word_1_9' title='bbox 252 449 336 524; x_wconf 88' lang='lat' dir='ltr'>pavit</span> <span class='ocrx_word' id='word_1_10' title='bbox 348 448 615 524; x_wconf 88' lang='lat' dir='ltr'>hepbtbemimeres</span> <span class='ocrx_word' id='word_1_11' title='bbox 631 448 695 506; x_wconf 89' lang='lat' dir='ltr'>sive</span> <span class='ocrx_word' id='word_1_12' title='bbox 709 448 962 522; x_wconf 69' lang='lat' dir='ltr'><strong>semiseptenaria.</strong></span> 
     </span>
    </p>
   </div>
   <div class='ocr_carea' id='block_1_3' title="bbox 470 542 996 608">
    <p class='ocr_par' dir='ltr' id='par_1_3' title="bbox 470 542 996 608">
     <span class='ocr_line' id='line_1_4' title="bbox 470 542 996 608; baseline -0.004 -10"><span class='ocrx_word' id='word_1_13' title='bbox 470 575 761 598; x_wconf 55' lang='lat'>..........</span> <span class='ocrx_word' id='word_1_14' title='bbox 777 542 996 608; x_wconf 42' lang='lat' dir='ltr'>lesam„</span> 
     </span>
    </p>
   </div>
   <div class='ocr_carea' id='block_1_4' title="bbox 377 626 1097 708">
    <p class='ocr_par' dir='ltr' id='par_1_4' title="bbox 377 626 1097 708">
     <span class='ocr_line' id='line_1_5' title="bbox 377 626 1097 708; baseline 0.001 -18"><span class='ocrx_word' id='word_1_15' title='bbox 377 632 532 692; x_wconf 84' lang='lat' dir='ltr'>infandum</span> <span class='ocrx_word' id='word_1_16' title='bbox 546 632 650 708; x_wconf 77' lang='lat' dir='ltr'>regina</span> <span class='ocrx_word' id='word_1_17' title='bbox 665 631 750 690; x_wconf 84' lang='lat' dir='ltr'>iubes</span> <span class='ocrx_word' id='word_1_18' title='bbox 769 626 774 708; x_wconf 96' lang='grc' dir='ltr'>Ι</span> <span class='ocrx_word' id='word_1_19' title='bbox 793 647 938 690; x_wconf 87' lang='lat' dir='ltr'>renovare</span> <span class='ocrx_word' id='word_1_20' title='bbox 953 631 1097 692; x_wconf 84' lang='lat' dir='ltr'>dolorem.</span> 
     </span>
    </p>
   </div>
   <div class='ocr_carea' id='block_1_5' title="bbox 204 731 1237 1062">
    <p class='ocr_par' dir='ltr' id='par_1_5' title="bbox 204 731 1237 1062">
     <span class='ocr_line' id='line_1_6' title="bbox 204 731 1221 808; baseline 0.003 -18"><span class='ocrx_word' id='word_1_21' title='bbox 204 733 209 742; x_wconf 81' lang='grc'><em>“</em></span> <span class='ocrx_word' id='word_1_22' title='bbox 252 731 326 792; x_wconf 80' lang='lat' dir='ltr'>Eius</span> <span class='ocrx_word' id='word_1_23' title='bbox 346 735 445 792; x_wconf 88' lang='lat' dir='ltr'>autem</span> <span class='ocrx_word' id='word_1_24' title='bbox 465 736 535 793; x_wconf 91' lang='lat' dir='ltr'>sunt</span> <span class='ocrx_word' id='word_1_25' title='bbox 554 733 720 807; x_wconf 77' lang='lat' dir='ltr'>complures</span> <span class='ocrx_word' id='word_1_26' title='bbox 741 731 867 806; x_wconf 83' lang='lat' dir='ltr'>species,</span> <span class='ocrx_word' id='word_1_27' title='bbox 892 732 1041 808; x_wconf 73' lang='lat' dir='ltr'>elegantia</span> <span class='ocrx_word' id='word_1_28' title='bbox 1057 733 1221 793; x_wconf 74' lang='grc'><strong>1111111111-</strong></span> 
     </span>
     <span class='ocr_line' id='line_1_7' title="bbox 248 815 1237 898; baseline 0 -22"><span class='ocrx_word' id='word_1_29' title='bbox 248 835 356 876; x_wconf 88' lang='lat' dir='ltr'>versae</span> <span class='ocrx_word' id='word_1_30' title='bbox 370 817 449 876; x_wconf 86' lang='lat' dir='ltr'>illae.</span> <span class='ocrx_word' id='word_1_31' title='bbox 480 817 595 892; x_wconf 83' lang='lat' dir='ltr'>Quippe</span> <span class='ocrx_word' id='word_1_32' title='bbox 610 817 682 876; x_wconf 86' lang='lat' dir='ltr'>satis</span> <span class='ocrx_word' id='word_1_33' title='bbox 697 833 822 874; x_wconf 88' lang='lat' dir='ltr'>amoena</span> <span class='ocrx_word' id='word_1_34' title='bbox 837 815 965 889; x_wconf 78' lang='lat' dir='ltr'>ducitur,</span> <span class='ocrx_word' id='word_1_35' title='bbox 982 834 1050 874; x_wconf 88' lang='lat' dir='ltr'>cum</span> <span class='ocrx_word' id='word_1_36' title='bbox 1064 821 1118 876; x_wconf 90' lang='lat' dir='ltr'>aut</span> <span class='ocrx_word' id='word_1_37' title='bbox 1132 820 1237 898; x_wconf 48' lang='lat' dir='ltr'>quing</span> 
     </span>
     <span class='ocr_line' id='line_1_8' title="bbox 251 895 1222 976; baseline 0.002 -18"><span class='ocrx_word' id='word_1_38' title='bbox 251 903 302 961; x_wconf 87' lang='grc'>111</span> <span class='ocrx_word' id='word_1_39' title='bbox 323 902 449 976; x_wconf 82' lang='lat' dir='ltr'>semipes</span> <span class='ocrx_word' id='word_1_40' title='bbox 469 902 559 960; x_wconf 85' lang='lat' dir='ltr'>etiam</span> <span class='ocrx_word' id='word_1_41' title='bbox 579 901 671 960; x_wconf 89' lang='lat' dir='ltr'>verbo</span> <span class='ocrx_word' id='word_1_42' title='bbox 691 898 797 958; x_wconf 88' lang='lat' dir='ltr'>finitur</span> <span class='ocrx_word' id='word_1_43' title='bbox 819 895 940 976; x_wconf 87' lang='lat' dir='ltr'>(nempe</span> <span class='ocrx_word' id='word_1_44' title='bbox 965 903 1035 975; x_wconf 89' lang='lat' dir='ltr'>post</span> <span class='ocrx_word' id='word_1_45' title='bbox 1054 903 1222 976; x_wconf 86' lang='lat' dir='ltr'>septimum</span> 
     </span>
     <span class='ocr_line' id='line_1_9' title="bbox 251 982 1220 1062; baseline 0.003 -20"><span class='ocrx_word' id='word_1_46' title='bbox 251 985 336 1044; x_wconf 88' lang='lat' dir='ltr'>finita</span> <span class='ocrx_word' id='word_1_47' title='bbox 351 982 520 1062; x_wconf 86' lang='lat' dir='ltr'>sententia),</span> <span class='ocrx_word' id='word_1_48' title='bbox 537 987 589 1043; x_wconf 90' lang='lat' dir='ltr'>aut</span> <span class='ocrx_word' id='word_1_49' title='bbox 602 986 671 1060; x_wconf 83' lang='lat' dir='ltr'>post</span> <span class='ocrx_word' id='word_1_50' title='bbox 684 983 810 1041; x_wconf 83' lang='lat' dir='ltr'>tertium</span> <span class='ocrx_word' id='word_1_51' title='bbox 824 985 931 1042; x_wconf 82' lang='grc'><strong>11111111</strong></span> <span class='ocrx_word' id='word_1_52' title='bbox 945 984 1088 1043; x_wconf 83' lang='lat' dir='ltr'>inciditur</span> <span class='ocrx_word' id='word_1_53' title='bbox 1101 989 1220 1061; x_wconf 86' lang='lat' dir='ltr'>oratio;</span> 
     </span>
    </p>
   </div>
   <div class='ocr_carea' id='block_1_6' title="bbox 141 1069 1220 1143">
    <p class='ocr_par' dir='ltr' id='par_1_6' title="bbox 141 1069 1220 1143">
     <span class='ocr_line' id='line_1_10' title="bbox 141 1069 1220 1143; baseline -0.001 -13"><span class='ocrx_word' id='word_1_54' title='bbox 141 1125 142 1130; x_wconf 73' lang='grc'>,</span> <span class='ocrx_word' id='word_1_55' title='bbox 253 1087 311 1143; x_wconf 89' lang='lat' dir='ltr'>quo</span> <span class='ocrx_word' id='word_1_56' title='bbox 327 1069 404 1129; x_wconf 84' lang='lat' dir='ltr'>iacto</span> <span class='ocrx_word' id='word_1_57' title='bbox 419 1069 570 1130; x_wconf 80' lang='lat' dir='ltr'>auxiliaris</span> <span class='ocrx_word' id='word_1_58' title='bbox 587 1070 683 1128; x_wconf 83' lang='lat' dir='ltr'>oritur</span> <span class='ocrx_word' id='word_1_59' title='bbox 702 1085 823 1126; x_wconf 84' lang='lat' dir='ltr'>caesura</span> <span class='ocrx_word' id='word_1_60' title='bbox 837 1069 885 1126; x_wconf 89' lang='lat' dir='ltr'>eui</span> <span class='ocrx_word' id='word_1_61' title='bbox 896 1086 1005 1127; x_wconf 89' lang='lat' dir='ltr'>nomen</span> <span class='ocrx_word' id='word_1_62' title='bbox 1019 1069 1220 1129; x_wconf 86' lang='lat' dir='ltr'>trithemime-</span> 
     </span>
    </p>
   </div>
   <div class='ocr_carea' id='block_1_7' title="bbox 252 1153 608 1213">
    <p class='ocr_par' dir='ltr' id='par_1_7' title="bbox 252 1153 608 1213">
     <span class='ocr_line' id='line_1_11' title="bbox 252 1153 608 1213; baseline 0.003 -2"><span class='ocrx_word' id='word_1_63' title='bbox 252 1154 294 1212; x_wconf 86' lang='lat' dir='ltr'>ria</span> <span class='ocrx_word' id='word_1_64' title='bbox 310 1154 371 1213; x_wconf 87' lang='lat' dir='ltr'>sive</span> <span class='ocrx_word' id='word_1_65' title='bbox 386 1153 608 1212; x_wconf 86' lang='lat' dir='ltr'>semiternariae</span> 
     </span>
    </p>
   </div>
   <div class='ocr_carea' id='block_1_8' title="bbox 338 1247 1155 1415">
    <p class='ocr_par' dir='ltr' id='par_1_8' title="bbox 338 1247 1155 1415">
     <span class='ocr_line' id='line_1_12' title="bbox 338 1247 1012 1329; baseline -0.001 -16"><span class='ocrx_word' id='word_1_66' title='bbox 338 1255 438 1313; x_wconf 89' lang='lat' dir='ltr'>oscula</span> <span class='ocrx_word' id='word_1_67' title='bbox 452 1254 555 1313; x_wconf 82' lang='lat' dir='ltr'>libavit</span> <span class='ocrx_word' id='word_1_68' title='bbox 568 1255 671 1328; x_wconf 84' lang='lat' dir='ltr'>natae;</span> <span class='ocrx_word' id='word_1_69' title='bbox 692 1247 696 1329; x_wconf 95' lang='grc' dir='ltr'>Ι</span> <span class='ocrx_word' id='word_1_70' title='bbox 714 1252 821 1312; x_wconf 85' lang='lat' dir='ltr'>dehinc</span> <span class='ocrx_word' id='word_1_71' title='bbox 835 1253 908 1312; x_wconf 85' lang='lat' dir='ltr'>talia</span> <span class='ocrx_word' id='word_1_72' title='bbox 922 1253 1012 1312; x_wconf 89' lang='lat' dir='ltr'>fatur.</span> 
     </span>
     <span class='ocr_line' id='line_1_13' title="bbox 338 1332 1155 1415; baseline 0.004 -20"><span class='ocrx_word' id='word_1_73' title='bbox 338 1338 501 1412; x_wconf 85' lang='lat' dir='ltr'>despiciens</span> <span class='ocrx_word' id='word_1_74' title='bbox 521 1332 526 1415; x_wconf 97' lang='grc' dir='ltr'>Ι</span> <span class='ocrx_word' id='word_1_75' title='bbox 544 1355 626 1394; x_wconf 86' lang='lat' dir='ltr'>mare</span> <span class='ocrx_word' id='word_1_76' title='bbox 640 1336 804 1395; x_wconf 84' lang='lat' dir='ltr'>velivolum</span> <span class='ocrx_word' id='word_1_77' title='bbox 823 1332 828 1415; x_wconf 95' lang='grc' dir='ltr'>Ι</span> <span class='ocrx_word' id='word_1_78' title='bbox 846 1341 999 1413; x_wconf 87' lang='lat' dir='ltr'>terrasque</span> <span class='ocrx_word' id='word_1_79' title='bbox 1014 1338 1155 1398; x_wconf 81' lang='lat' dir='ltr'>iacentes,</span> 
     </span>
    </p>
   </div>
   <div class='ocr_carea' id='block_1_9' title="bbox 254 1437 1219 2104">
    <p class='ocr_par' dir='ltr' id='par_1_9' title="bbox 254 1437 1219 2104">
     <span class='ocr_line' id='line_1_14' title="bbox 255 1437 1217 1514; baseline 0.004 -16"><span class='ocrx_word' id='word_1_80' title='bbox 255 1437 315 1498; x_wconf 81' lang='lat' dir='ltr'>sed</span> <span class='ocrx_word' id='word_1_81' title='bbox 329 1438 417 1514; x_wconf 83' lang='lat' dir='ltr'>longe</span> <span class='ocrx_word' id='word_1_82' title='bbox 432 1437 644 1496; x_wconf 85' lang='lat' dir='ltr'>usitatissimus</span> <span class='ocrx_word' id='word_1_83' title='bbox 659 1437 737 1494; x_wconf 86' lang='lat' dir='ltr'>solet</span> <span class='ocrx_word' id='word_1_84' title='bbox 756 1455 820 1496; x_wconf 87' lang='lat' dir='ltr'>esse</span> <span class='ocrx_word' id='word_1_85' title='bbox 835 1437 861 1496; x_wconf 86' lang='lat' dir='ltr'>is</span> <span class='ocrx_word' id='word_1_86' title='bbox 876 1437 1014 1498; x_wconf 86' lang='lat' dir='ltr'>modulus</span> <span class='ocrx_word' id='word_1_87' title='bbox 1029 1439 1217 1514; x_wconf 67' lang='grc' dir='ltr'><strong>111111111θωὶ-</strong></span> 
     </span>
     <span class='ocr_line' id='line_1_15' title="bbox 254 1519 1219 1597; baseline 0.004 -17"><span class='ocrx_word' id='word_1_88' title='bbox 254 1522 354 1594; x_wconf 85' lang='lat' dir='ltr'>meris,</span> <span class='ocrx_word' id='word_1_89' title='bbox 377 1539 444 1579; x_wconf 88' lang='lat' dir='ltr'>cum</span> <span class='ocrx_word' id='word_1_90' title='bbox 466 1520 565 1578; x_wconf 86' lang='lat' dir='ltr'>addita</span> <span class='ocrx_word' id='word_1_91' title='bbox 584 1519 794 1579; x_wconf 88' lang='lat' dir='ltr'>trithemimeri</span> <span class='ocrx_word' id='word_1_92' title='bbox 815 1523 905 1580; x_wconf 86' lang='lat' dir='ltr'>etiam</span> <span class='ocrx_word' id='word_1_93' title='bbox 925 1525 995 1597; x_wconf 86' lang='lat' dir='ltr'>post</span> <span class='ocrx_word' id='word_1_94' title='bbox 1014 1524 1140 1582; x_wconf 87' lang='lat' dir='ltr'>tertium</span> <span class='ocrx_word' id='word_1_95' title='bbox 1155 1529 1219 1584; x_wconf 90' lang='lat' dir='ltr'>tro-</span> 
     </span>
     <span class='ocr_line' id='line_1_16' title="bbox 254 1604 579 1664; baseline -0.006 0"><span class='ocrx_word' id='word_1_96' title='bbox 254 1605 376 1664; x_wconf 87' lang='lat' dir='ltr'>chaeum</span> <span class='ocrx_word' id='word_1_97' title='bbox 390 1623 448 1664; x_wconf 86' lang='lat' dir='ltr'>vox</span> <span class='ocrx_word' id='word_1_98' title='bbox 461 1604 579 1662; x_wconf 88' lang='lat' dir='ltr'>finitur:</span> 
     </span>
     <span class='ocr_line' id='line_1_17' title="bbox 358 1684 1102 1769; baseline 0.001 -21"><span class='ocrx_word' id='word_1_99' title='bbox 358 1689 513 1748; x_wconf 86' lang='lat' dir='ltr'>infandum</span> <span class='ocrx_word' id='word_1_100' title='bbox 532 1684 536 1768; x_wconf 99' lang='grc' dir='ltr'>Ι</span> <span class='ocrx_word' id='word_1_101' title='bbox 555 1691 659 1764; x_wconf 78' lang='lat' dir='ltr'>replico</span> <span class='ocrx_word' id='word_1_102' title='bbox 672 1689 757 1749; x_wconf 89' lang='lat' dir='ltr'>iubes</span> <span class='ocrx_word' id='word_1_103' title='bbox 776 1685 781 1769; x_wconf 96' lang='grc' dir='ltr'>Ι</span> <span class='ocrx_word' id='word_1_104' title='bbox 800 1709 944 1750; x_wconf 87' lang='lat' dir='ltr'>renovare</span> <span class='ocrx_word' id='word_1_105' title='bbox 959 1690 1102 1749; x_wconf 85' lang='lat' dir='ltr'>dolorem.</span> 
     </span>
     <span class='ocr_line' id='line_1_18' title="bbox 256 1772 1219 1846; baseline 0.005 -16"><span class='ocrx_word' id='word_1_106' title='bbox 256 1772 492 1832; x_wconf 81' lang='lat' dir='ltr'>Trithemimcris</span> <span class='ocrx_word' id='word_1_107' title='bbox 507 1772 532 1832; x_wconf 86' lang='lat' dir='ltr'>si</span> <span class='ocrx_word' id='word_1_108' title='bbox 546 1773 632 1846; x_wconf 89' lang='lat' dir='ltr'>absit,</span> <span class='ocrx_word' id='word_1_109' title='bbox 644 1773 696 1832; x_wconf 87' lang='lat' dir='ltr'>ubi</span> <span class='ocrx_word' id='word_1_110' title='bbox 709 1776 810 1832; x_wconf 89' lang='lat' dir='ltr'>tamen</span> <span class='ocrx_word' id='word_1_111' title='bbox 824 1775 914 1834; x_wconf 86' lang='lat' dir='ltr'>tertio</span> <span class='ocrx_word' id='word_1_112' title='bbox 929 1775 1068 1834; x_wconf 79' lang='lat' dir='ltr'>trochaeo</span> <span class='ocrx_word' id='word_1_113' title='bbox 1084 1776 1219 1836; x_wconf 88' lang='lat' dir='ltr'>eluditur</span> 
     </span>
     <span class='ocr_line' id='line_1_19' title="bbox 254 1855 1218 1936; baseline 0.003 -20"><span class='ocrx_word' id='word_1_114' title='bbox 254 1858 390 1931; x_wconf 86' lang='lat' dir='ltr'>verbum,</span> <span class='ocrx_word' id='word_1_115' title='bbox 412 1855 571 1934; x_wconf 86' lang='lat' dir='ltr'>diligenter</span> <span class='ocrx_word' id='word_1_116' title='bbox 591 1857 762 1931; x_wconf 79' lang='lat' dir='ltr'>cavendum,</span> <span class='ocrx_word' id='word_1_117' title='bbox 784 1860 820 1918; x_wconf 87' lang='lat' dir='ltr'>ut</span> <span class='ocrx_word' id='word_1_118' title='bbox 836 1876 890 1936; x_wconf 85' lang='lat' dir='ltr'>pes</span> <span class='ocrx_word' id='word_1_119' title='bbox 911 1859 1056 1918; x_wconf 84' lang='lat' dir='ltr'>secundus</span> <span class='ocrx_word' id='word_1_120' title='bbox 1071 1863 1218 1919; x_wconf 86' lang='grc'><strong>111111111-</strong></span> 
     </span>
     <span class='ocr_line' id='line_1_20' title="bbox 254 1941 941 2017; baseline 0 -17"><span class='ocrx_word' id='word_1_121' title='bbox 254 1941 343 2000; x_wconf 87' lang='lat' dir='ltr'>chace</span> <span class='ocrx_word' id='word_1_122' title='bbox 358 1941 440 2002; x_wconf 89' lang='lat' dir='ltr'>tertii</span> <span class='ocrx_word' id='word_1_123' title='bbox 457 1960 516 2000; x_wconf 90' lang='lat' dir='ltr'>uno</span> <span class='ocrx_word' id='word_1_124' title='bbox 531 1943 647 2001; x_wconf 84' lang='lat' dir='ltr'>constat</span> <span class='ocrx_word' id='word_1_125' title='bbox 661 1943 805 2002; x_wconf 88' lang='lat' dir='ltr'>vocabulo</span> <span class='ocrx_word' id='word_1_126' title='bbox 820 1945 855 2000; x_wconf 91' lang='lat' dir='ltr'>ut</span> <span class='ocrx_word' id='word_1_127' title='bbox 868 1945 941 2017; x_wconf 86' lang='lat' dir='ltr'>puta</span> 
     </span>
     <span class='ocr_line' id='line_1_21' title="bbox 295 2021 1151 2104; baseline 0.004 -22"><span class='ocrx_word' id='word_1_128' title='bbox 295 2026 407 2083; x_wconf 79' lang='lat' dir='ltr'>labitur</span> <span class='ocrx_word' id='word_1_129' title='bbox 421 2027 617 2098; x_wconf 73' lang='lat' dir='ltr'>exanimisque</span> <span class='ocrx_word' id='word_1_130' title='bbox 631 2027 761 2086; x_wconf 86' lang='lat' dir='ltr'>tremens</span> <span class='ocrx_word' id='word_1_131' title='bbox 781 2021 785 2104; x_wconf 92' lang='grc' dir='ltr'>Ι</span> <span class='ocrx_word' id='word_1_132' title='bbox 804 2027 974 2102; x_wconf 90' lang='lat' dir='ltr'>procumbit</span> <span class='ocrx_word' id='word_1_133' title='bbox 987 2026 1071 2085; x_wconf 90' lang='lat' dir='ltr'>humi</span> <span class='ocrx_word' id='word_1_134' title='bbox 1084 2027 1151 2088; x_wconf 91' lang='lat' dir='ltr'>bos.</span> 
     </span>
    </p>
   </div>
   <div class='ocr_carea' id='block_1_10' title="bbox 250 2125 1217 3462">
    <p class='ocr_par' dir='ltr' id='par_1_10' title="bbox 254 2125 1217 2286">
     <span class='ocr_line' id='line_1_22' title="bbox 254 2125 1217 2202; baseline 0.004 -18"><span class='ocrx_word' id='word_1_135' title='bbox 254 2127 297 2185; x_wconf 89' lang='lat' dir='ltr'>At</span> <span class='ocrx_word' id='word_1_136' title='bbox 314 2125 404 2202; x_wconf 82' lang='lat' dir='ltr'>longe</span> <span class='ocrx_word' id='word_1_137' title='bbox 425 2125 602 2186; x_wconf 85' lang='lat' dir='ltr'>deterrimus</span> <span class='ocrx_word' id='word_1_138' title='bbox 623 2145 736 2199; x_wconf 84' lang='lat' dir='ltr'>versus,</span> <span class='ocrx_word' id='word_1_139' title='bbox 757 2127 811 2186; x_wconf 83' lang='lat' dir='ltr'>tali</span> <span class='ocrx_word' id='word_1_140' title='bbox 825 2128 975 2188; x_wconf 86' lang='lat' dir='ltr'>occaeione</span> <span class='ocrx_word' id='word_1_141' title='bbox 990 2127 1016 2186; x_wconf 88' lang='lat' dir='ltr'>si</span> <span class='ocrx_word' id='word_1_142' title='bbox 1030 2127 1122 2188; x_wconf 84' lang='lat' dir='ltr'>etiam</span> <span class='ocrx_word' id='word_1_143' title='bbox 1138 2129 1217 2190; x_wconf 89' lang='grc'><strong>11111</strong></span> 
     </span>
     <span class='ocr_line' id='line_1_23' title="bbox 254 2209 1022 2286; baseline 0.003 -18"><span class='ocrx_word' id='word_1_144' title='bbox 254 2209 408 2269; x_wconf 87' lang='lat' dir='ltr'>trochaeus</span> <span class='ocrx_word' id='word_1_145' title='bbox 421 2209 510 2285; x_wconf 89' lang='lat' dir='ltr'>plena</span> <span class='ocrx_word' id='word_1_146' title='bbox 524 2209 665 2270; x_wconf 87' lang='lat' dir='ltr'>orationis</span> <span class='ocrx_word' id='word_1_147' title='bbox 679 2213 763 2286; x_wconf 87' lang='lat' dir='ltr'>parte</span> <span class='ocrx_word' id='word_1_148' title='bbox 778 2211 972 2285; x_wconf 85' lang='lat' dir='ltr'>contineatur,</span> <span class='ocrx_word' id='word_1_149' title='bbox 988 2215 1022 2270; x_wconf 94' lang='lat' dir='ltr'>ut</span> 
     </span>
    </p>

    <p class='ocr_par' dir='ltr' id='par_1_11' title="bbox 253 2289 1214 2522">
     <span class='ocr_line' id='line_1_24' title="bbox 295 2289 1156 2372; baseline 0.002 -20"><span class='ocrx_word' id='word_1_150' title='bbox 295 2313 355 2352; x_wconf 89' lang='lat' dir='ltr'>una</span> <span class='ocrx_word' id='word_1_151' title='bbox 368 2293 521 2368; x_wconf 76' lang='lat' dir='ltr'>Eurosque</span> <span class='ocrx_word' id='word_1_152' title='bbox 534 2293 683 2368; x_wconf 76' lang='lat' dir='ltr'>Notosque</span> <span class='ocrx_word' id='word_1_153' title='bbox 697 2296 789 2354; x_wconf 90' lang='lat' dir='ltr'>ruunt</span> <span class='ocrx_word' id='word_1_154' title='bbox 806 2289 811 2372; x_wconf 92' lang='grc' dir='ltr'>Ι</span> <span class='ocrx_word' id='word_1_155' title='bbox 830 2294 990 2370; x_wconf 84' lang='lat' dir='ltr'>creberque</span> <span class='ocrx_word' id='word_1_156' title='bbox 1005 2297 1156 2370; x_wconf 87' lang='lat' dir='ltr'>procellis.</span> 
     </span>
     <span class='ocr_line' id='line_1_25' title="bbox 254 2377 1214 2449; baseline 0.006 -13"><span class='ocrx_word' id='word_1_157' title='bbox 254 2377 359 2437; x_wconf 84' lang='lat' dir='ltr'>Paullo</span> <span class='ocrx_word' id='word_1_158' title='bbox 379 2377 477 2438; x_wconf 87' lang='lat' dir='ltr'>minus</span> <span class='ocrx_word' id='word_1_159' title='bbox 496 2379 603 2436; x_wconf 87' lang='lat' dir='ltr'>durum</span> <span class='ocrx_word' id='word_1_160' title='bbox 623 2381 761 2449; x_wconf 86' lang='lat' dir='ltr'>metrum,</span> <span class='ocrx_word' id='word_1_161' title='bbox 783 2377 901 2437; x_wconf 86' lang='lat' dir='ltr'>excluso</span> <span class='ocrx_word' id='word_1_162' title='bbox 916 2379 985 2438; x_wconf 87' lang='lat' dir='ltr'>sede</span> <span class='ocrx_word' id='word_1_163' title='bbox 1000 2380 1094 2438; x_wconf 86' lang='lat' dir='ltr'>altera</span> <span class='ocrx_word' id='word_1_164' title='bbox 1108 2384 1140 2440; x_wconf 91' lang='lat' dir='ltr'>et</span> <span class='ocrx_word' id='word_1_165' title='bbox 1154 2385 1214 2442; x_wconf 82' lang='lat' dir='ltr'>ter·</span> 
     </span>
     <span class='ocr_line' id='line_1_26' title="bbox 253 2461 983 2522; baseline -0.001 -1"><span class='ocrx_word' id='word_1_166' title='bbox 253 2463 296 2521; x_wconf 89' lang='lat' dir='ltr'>tia</span> <span class='ocrx_word' id='word_1_167' title='bbox 309 2462 446 2522; x_wconf 86' lang='lat' dir='ltr'>trochaeo</span> <span class='ocrx_word' id='word_1_168' title='bbox 461 2463 513 2522; x_wconf 89' lang='lat' dir='ltr'>ubi</span> <span class='ocrx_word' id='word_1_169' title='bbox 527 2463 601 2521; x_wconf 88' lang='lat' dir='ltr'>item</span> <span class='ocrx_word' id='word_1_170' title='bbox 616 2463 731 2522; x_wconf 87' lang='lat' dir='ltr'>exsulat</span> <span class='ocrx_word' id='word_1_171' title='bbox 744 2461 983 2522; x_wconf 86' lang='lat' dir='ltr'>tritbemimeris:</span> 
     </span>
    </p>

    <p class='ocr_par' dir='ltr' id='par_1_12' title="bbox 337 2540 1134 2624">
     <span class='ocr_line' id='line_1_27' title="bbox 337 2540 1134 2624; baseline 0.004 -20"><span class='ocrx_word' id='word_1_172' title='bbox 337 2547 410 2606; x_wconf 89' lang='lat' dir='ltr'>haec</span> <span class='ocrx_word' id='word_1_173' title='bbox 424 2547 495 2606; x_wconf 88' lang='lat' dir='ltr'>dum</span> <span class='ocrx_word' id='word_1_174' title='bbox 510 2546 659 2605; x_wconf 84' lang='lat' dir='ltr'>Dardanio</span> <span class='ocrx_word' id='word_1_175' title='bbox 674 2546 793 2604; x_wconf 86' lang='lat' dir='ltr'>Aeneae</span> <span class='ocrx_word' id='word_1_176' title='bbox 811 2540 817 2624; x_wconf 99' lang='grc' dir='ltr'>Ι</span> <span class='ocrx_word' id='word_1_177' title='bbox 836 2545 971 2615; x_wconf 85' lang='lat' dir='ltr'>miranda</span> <span class='ocrx_word' id='word_1_178' title='bbox 984 2546 1134 2607; x_wconf 84' lang='lat' dir='ltr'>videntur.</span> 
     </span>
    </p>

    <p class='ocr_par' dir='ltr' id='par_1_13' title="bbox 252 2629 1214 2875">
     <span class='ocr_line' id='line_1_28' title="bbox 253 2629 1214 2706; baseline 0.002 -16"><span class='ocrx_word' id='word_1_179' title='bbox 253 2630 358 2706; x_wconf 74' lang='lat' dir='ltr'>Itaque</span> <span class='ocrx_word' id='word_1_180' title='bbox 387 2631 645 2705; x_wconf 87' lang='lat' dir='ltr'>semiseptenariae</span> <span class='ocrx_word' id='word_1_181' title='bbox 680 2629 791 2706; x_wconf 84' lang='lat' dir='ltr'>species</span> <span class='ocrx_word' id='word_1_182' title='bbox 819 2647 945 2688; x_wconf 86' lang='lat' dir='ltr'>evenere</span> <span class='ocrx_word' id='word_1_183' title='bbox 974 2649 1025 2689; x_wconf 87' lang='lat' dir='ltr'>sex</span> <span class='ocrx_word' id='word_1_184' title='bbox 1053 2650 1127 2706; x_wconf 88' lang='lat' dir='ltr'>quas</span> <span class='ocrx_word' id='word_1_185' title='bbox 1158 2633 1214 2692; x_wconf 87' lang='lat' dir='ltr'>sub</span> 
     </span>
     <span class='ocr_line' id='line_1_29' title="bbox 253 2713 1214 2794; baseline 0.004 -22"><span class='ocrx_word' id='word_1_186' title='bbox 253 2734 346 2774; x_wconf 88' lang='lat' dir='ltr'>unum</span> <span class='ocrx_word' id='word_1_187' title='bbox 366 2714 426 2773; x_wconf 86' lang='grc'><strong>1111</strong></span> <span class='ocrx_word' id='word_1_188' title='bbox 446 2713 522 2773; x_wconf 84' lang='lat' dir='ltr'>dabo</span> <span class='ocrx_word' id='word_1_189' title='bbox 543 2717 747 2789; x_wconf 86' lang='lat' dir='ltr'>conspectum,</span> <span class='ocrx_word' id='word_1_190' title='bbox 763 2731 798 2773; x_wconf 91' lang='lat' dir='ltr'>eo</span> <span class='ocrx_word' id='word_1_191' title='bbox 818 2713 938 2790; x_wconf 86' lang='lat' dir='ltr'>quidem</span> <span class='ocrx_word' id='word_1_192' title='bbox 953 2713 1071 2788; x_wconf 88' lang='lat' dir='ltr'>ordine,</span> <span class='ocrx_word' id='word_1_193' title='bbox 1088 2719 1123 2775; x_wconf 91' lang='lat' dir='ltr'>ut</span> <span class='ocrx_word' id='word_1_194' title='bbox 1138 2736 1214 2794; x_wconf 86' lang='lat' dir='ltr'>quae</span> 
     </span>
     <span class='ocr_line' id='line_1_30' title="bbox 252 2799 740 2875; baseline 0 -17"><span class='ocrx_word' id='word_1_195' title='bbox 252 2799 450 2875; x_wconf 83' lang='lat' dir='ltr'>elegantiores</span> <span class='ocrx_word' id='word_1_196' title='bbox 464 2799 613 2874; x_wconf 90' lang='lat' dir='ltr'>ponantur</span> <span class='ocrx_word' id='word_1_197' title='bbox 626 2799 740 2874; x_wconf 86' lang='lat' dir='ltr'>priores</span> 
     </span>
    </p>

    <p class='ocr_par' dir='ltr' id='par_1_14' title="bbox 294 2877 1037 2961">
     <span class='ocr_line' id='line_1_31' title="bbox 294 2877 1037 2961; baseline 0 -19"><span class='ocrx_word' id='word_1_198' title='bbox 294 2882 448 2942; x_wconf 76' lang='lat' dir='ltr'>mfandum</span> <span class='ocrx_word' id='word_1_199' title='bbox 467 2877 471 2961; x_wconf 96' lang='grc' dir='ltr'>Ι</span> <span class='ocrx_word' id='word_1_200' title='bbox 490 2883 595 2958; x_wconf 70' lang='lat' dir='ltr'>repieta</span> <span class='ocrx_word' id='word_1_201' title='bbox 608 2882 692 2942; x_wconf 87' lang='lat' dir='ltr'>iubes</span> <span class='ocrx_word' id='word_1_202' title='bbox 711 2879 716 2961; x_wconf 94' lang='grc' dir='ltr'>Ι</span> <span class='ocrx_word' id='word_1_203' title='bbox 735 2900 878 2941; x_wconf 88' lang='lat' dir='ltr'>renovare</span> <span class='ocrx_word' id='word_1_204' title='bbox 894 2881 1037 2944; x_wconf 84' lang='lat' dir='ltr'>dolorem.</span> 
     </span>
    </p>

    <p class='ocr_par' dir='ltr' id='par_1_15' title="bbox 294 2961 956 3044">
     <span class='ocr_line' id='line_1_32' title="bbox 294 2961 956 3044; baseline -0.006 -16"><span class='ocrx_word' id='word_1_205' title='bbox 294 2965 395 3028; x_wconf 85' lang='lat' dir='ltr'>oscula</span> <span class='ocrx_word' id='word_1_206' title='bbox 408 2966 510 3026; x_wconf 78' lang='lat' dir='ltr'>libavit</span> <span class='ocrx_word' id='word_1_207' title='bbox 523 2968 619 3026; x_wconf 85' lang='lat' dir='ltr'>natae.</span> <span class='ocrx_word' id='word_1_208' title='bbox 639 2961 644 3044; x_wconf 92' lang='grc' dir='ltr'>Ι</span> <span class='ocrx_word' id='word_1_209' title='bbox 663 2965 768 3024; x_wconf 90' lang='lat' dir='ltr'>debinc</span> <span class='ocrx_word' id='word_1_210' title='bbox 782 2965 854 3024; x_wconf 88' lang='lat' dir='ltr'>talia</span> <span class='ocrx_word' id='word_1_211' title='bbox 868 2966 956 3026; x_wconf 88' lang='lat' dir='ltr'>fatur.</span> 
     </span>
    </p>

    <p class='ocr_par' dir='ltr' id='par_1_16' title="bbox 293 3043 1113 3129">
     <span class='ocr_line' id='line_1_33' title="bbox 293 3043 1113 3129; baseline 0 -19"><span class='ocrx_word' id='word_1_212' title='bbox 293 3051 458 3127; x_wconf 88' lang='lat' dir='ltr'>despiciens</span> <span class='ocrx_word' id='word_1_213' title='bbox 478 3045 482 3129; x_wconf 94' lang='grc' dir='ltr'>Ι</span> <span class='ocrx_word' id='word_1_214' title='bbox 502 3068 583 3109; x_wconf 87' lang='lat' dir='ltr'>mare</span> <span class='ocrx_word' id='word_1_215' title='bbox 597 3051 761 3110; x_wconf 72' lang='lat' dir='ltr'>velivolum</span> <span class='ocrx_word' id='word_1_216' title='bbox 780 3043 785 3128; x_wconf 95' lang='grc' dir='ltr'>Ι</span> <span class='ocrx_word' id='word_1_217' title='bbox 803 3051 958 3126; x_wconf 87' lang='lat' dir='ltr'>terrasque</span> <span class='ocrx_word' id='word_1_218' title='bbox 972 3052 1113 3112; x_wconf 86' lang='lat' dir='ltr'>iacentes.</span> 
     </span>
    </p>

    <p class='ocr_par' dir='ltr' id='par_1_17' title="bbox 293 3129 1148 3212">
     <span class='ocr_line' id='line_1_34' title="bbox 293 3129 1148 3212; baseline 0.002 -18"><span class='ocrx_word' id='word_1_219' title='bbox 293 3136 405 3195; x_wconf 89' lang='lat' dir='ltr'>labitur</span> <span class='ocrx_word' id='word_1_220' title='bbox 418 3137 615 3208; x_wconf 71' lang='lat' dir='ltr'>exanimisque</span> <span class='ocrx_word' id='word_1_221' title='bbox 628 3136 760 3192; x_wconf 86' lang='lat' dir='ltr'>tremens</span> <span class='ocrx_word' id='word_1_222' title='bbox 779 3129 785 3212; x_wconf 97' lang='grc' dir='ltr'>Ι</span> <span class='ocrx_word' id='word_1_223' title='bbox 803 3135 972 3207; x_wconf 87' lang='lat' dir='ltr'>procumbit</span> <span class='ocrx_word' id='word_1_224' title='bbox 985 3135 1068 3192; x_wconf 92' lang='lat' dir='ltr'>humi</span> <span class='ocrx_word' id='word_1_225' title='bbox 1083 3137 1148 3198; x_wconf 85' lang='lat' dir='ltr'>bos.</span> 
     </span>
    </p>

    <p class='ocr_par' dir='ltr' id='par_1_18' title="bbox 291 3215 1071 3289">
     <span class='ocr_line' id='line_1_35' title="bbox 291 3215 1071 3289; baseline -0.004 -10"><span class='ocrx_word' id='word_1_226' title='bbox 291 3220 364 3280; x_wconf 88' lang='lat' dir='ltr'>baec</span> <span class='ocrx_word' id='word_1_227' title='bbox 378 3219 450 3278; x_wconf 83' lang='lat' dir='ltr'>dum</span> <span class='ocrx_word' id='word_1_228' title='bbox 464 3218 615 3278; x_wconf 86' lang='lat' dir='ltr'>Dardanio</span> <span class='ocrx_word' id='word_1_229' title='bbox 630 3215 758 3289; x_wconf 79' lang='lat' dir='ltr'>Aeneae,</span> <span class='ocrx_word' id='word_1_230' title='bbox 774 3217 909 3276; x_wconf 87' lang='lat' dir='ltr'>miranda</span> <span class='ocrx_word' id='word_1_231' title='bbox 922 3217 1071 3278; x_wconf 88' lang='lat' dir='ltr'>videntur.</span> 
     </span>
    </p>

    <p class='ocr_par' dir='ltr' id='par_1_19' title="bbox 250 3296 1215 3462">
     <span class='ocr_line' id='line_1_36' title="bbox 292 3296 1157 3380; baseline 0 -16"><span class='ocrx_word' id='word_1_232' title='bbox 292 3304 519 3376; x_wconf 72' lang='lat' dir='ltr'>euasurosque</span> <span class='ocrx_word' id='word_1_233' title='bbox 532 3299 684 3374; x_wconf 75' lang='lat' dir='ltr'>Notusque</span> <span class='ocrx_word' id='word_1_234' title='bbox 698 3303 791 3360; x_wconf 83' lang='lat' dir='ltr'>ruunt</span> <span class='ocrx_word' id='word_1_235' title='bbox 809 3296 813 3380; x_wconf 95' lang='grc' dir='ltr'>Ι</span> <span class='ocrx_word' id='word_1_236' title='bbox 833 3303 993 3378; x_wconf 86' lang='lat' dir='ltr'>creberque</span> <span class='ocrx_word' id='word_1_237' title='bbox 1007 3304 1157 3378; x_wconf 80' lang='lat' dir='ltr'>procellia</span> 
     </span>
     <span class='ocr_line' id='line_1_37' title="bbox 250 3384 1215 3462; baseline 0.002 -14"><span class='ocrx_word' id='word_1_238' title='bbox 250 3387 529 3448; x_wconf 85' lang='lat' dir='ltr'>Praestantissimus</span> <span class='ocrx_word' id='word_1_239' title='bbox 550 3385 676 3459; x_wconf 86' lang='lat' dir='ltr'>quisque</span> <span class='ocrx_word' id='word_1_240' title='bbox 695 3384 897 3446; x_wconf 84' lang='lat' dir='ltr'>Romanorum</span> <span class='ocrx_word' id='word_1_241' title='bbox 917 3385 1101 3447; x_wconf 84' lang='lat' dir='ltr'>versificator</span> <span class='ocrx_word' id='word_1_242' title='bbox 1115 3389 1215 3462; x_wconf 86' lang='lat' dir='ltr'>primo</span> 
     </span>
    </p>
   </div>
   <div class='ocr_carea' id='block_1_11' title="bbox 133 3467 1216 3549">
    <p class='ocr_par' dir='ltr' id='par_1_20' title="bbox 133 3467 1216 3549">
     <span class='ocr_line' id='line_1_38' title="bbox 133 3467 1216 3549; baseline -0.001 -16"><span class='ocrx_word' id='word_1_243' title='bbox 133 3510 135 3513; x_wconf 91' lang='lat'><em>-</em></span> <span class='ocrx_word' id='word_1_244' title='bbox 250 3472 438 3549; x_wconf 87' lang='lat' dir='ltr'>potissimum</span> <span class='ocrx_word' id='word_1_245' title='bbox 457 3471 489 3528; x_wconf 88' lang='lat' dir='ltr'>et</span> <span class='ocrx_word' id='word_1_246' title='bbox 509 3467 637 3527; x_wconf 88' lang='lat' dir='ltr'>seeundo</span> <span class='ocrx_word' id='word_1_247' title='bbox 658 3468 707 3545; x_wconf 87' lang='lat' dir='ltr'>vel</span> <span class='ocrx_word' id='word_1_248' title='bbox 728 3469 886 3546; x_wconf 84' lang='lat' dir='ltr'>aliquando</span> <span class='ocrx_word' id='word_1_249' title='bbox 911 3471 1002 3530; x_wconf 87' lang='lat' dir='ltr'>tertio</span> <span class='ocrx_word' id='word_1_250' title='bbox 1029 3470 1216 3546; x_wconf 85' lang='lat' dir='ltr'>hephthemi-</span> 
     </span>
    </p>
   </div>
   <div class='ocr_carea' id='block_1_12' title="bbox 0 0 1320 4110">
    <p class='ocr_par' dir='ltr' id='par_1_21' title="bbox 0 0 1320 4110">
     <span class='ocr_line' id='line_1_39' title="bbox 0 0 1320 4110; baseline 0 0"><span class='ocrx_word' id='word_1_251' title='bbox 0 0 1320 4110; x_wconf 95' lang='lat' dir='ltr'> </span> 
     </span>
    </p>
   </div>
  </div>
 </body>
</html>
