2598 4136
256 245 317 316 102
650 249 816 306 pampas.
1069 247 1216 330 ysxrvm.

649 413 813 499 XXVIII.
857 480 860 484 .

317 547 381 630 Tu,
404 547 458 630 qui
478 567 546 612 non
566 547 648 611 bene
670 545 807 629 cogitas,
830 547 864 608 et
883 563 978 629 aegre

317 629 485 714 Carpendo
505 630 566 694 eibi
586 633 746 713 temperas
767 628 807 691 ab
829 627 941 711 horto,

262 772 264 777 .
315 713 506 779 Pedicabere
527 713 651 778 fascino
673 711 789 796 pedali.

317 796 408 872 Quod
430 799 458 862 si
477 800 544 862 tam
565 797 672 882 gravis
694 799 727 860 ei
747 795 882 860 molesta
902 815 1019 879 poena·

314 881 392 947 Non
412 881 598 966 profecerit,
621 880 734 944 altiora
754 882 895 964 tangam.

654 1009 812 1022 μ·-

639 1093 824 1166 XXVHH.
849 1108 852 1115 '
908 1093 916 1106 '

311 1182 507 1301 'Obseaenis,
529 1237 672 1301 peream,
694 1214 823 1300 Priape,
846 1215 874 1278 si
895 1234 962 1278 non

315 1301 373 1366 vei
393 1322 445 1366 me
466 1299 567 1384 pudet
586 1299 792 1384 inprobisque
813 1299 934 1363 verbis:

316 1384 380 1450 Sed
402 1405 474 1448 eum
495 1387 532 1448 tu
551 1385 659 1481 posiio
682 1383 759 1448 deus
780 1383 901 1467 pudore
922 1430 931 1451 .

316 1468 466 1534 Ostendis
487 1467 573 1551 mrhr
590 1469 695 1532 ooleos
717 1469 878 1551 patentes,

315 1551 397 1619 Cum
419 1573 523 1616 cunno
545 1551 625 1616 mihi
645 1551 819 1626 mentulasi
838 1547 990 1615 vocanda

658 1681 809 1692 .----

672 1763 786 1840 ΧΧΧ.

315 1887 429 1953 ‘Falce
449 1889 559 1952 minax
581 1890 613 1952 et
633 1890 725 1972 parte
745 1887 794 1952 tui
815 1887 949 1969 maiore,
971 1884 1102 1969 Priape,

356 1971 410 2035 Ad
430 1972 568 2055 foniem,
591 1991 723 2056 quaese,
745 1970 797 2036 die
817 1970 912 2068 mihi,
934 1991 996 2054 qua
1017 1969 1060 2033 sit
1080 1967 1187 2032 itera²

306 2054 404 2120 'Vade
425 2077 484 2152 per
502 2055 560 2120 has
582 2055 680 2120 vites:
703 2077 836 2140 quarum
859 2077 886 2119 s1
908 2053 1062 2151 carpseris
1084 2073 1184 2138 uvas,

356 2135 422 2202 Our
442 2139 535 2203 ahter
556 2160 677 2218 sumas,
699 2139 831 2224 hospes,
854 2139 985 2204 habebrs
1007 2158 1116 2221 aquas.

665 2370 796 2444 XXXI.

313 2491 425 2556 Donee
445 2494 594 2576 proterva
613 2493 662 2558 nil
682 2493 762 2556 mihi
782 2515 880 2558 manu
902 2513 1026 2577 carpes,

313 2575 437 2640 Licebit
457 2577 527 2660 ipsa
549 2577 593 2641 sis
614 2577 760 2660 pudicior
780 2575 893 2662 Vesta;

314 2659 372 2725 Sin
392 2697 435 2709 -
455 2659 535 2724 haee
555 2661 619 2726 mei
639 2663 672 2724 te
694 2661 814 2726 ventris
837 2683 924 2726 arma
945 2660 1114 2745 iambum,

311 2743 409 2809 Exire
430 2746 467 2808 ui
487 2744 557 2828 ipsa
578 2743 617 2808 de
638 2747 694 2810 ouo
717 2765 812 2829 queas
836 2767 950 2810 cunno.

888 2847 905 2878 Ι

652 2977 800 3052 ΧΧΧΠ.

312 3095 390 3160 Vvis
412 3096 529 3162 aridior
549 3099 655 3183 puella
676 3100 779 3183 passis

311 3179 403 3244 Buxo
424 3181 572 3264 pallidior
593 3203 738 3268 novaque
760 3204 847 3267 eera,

313 3262 453 3328 Oollatas
475 3266 536 3331 sibi
558 3287 638 3350 quae
660 3268 787 3352 suisque
809 3269 960 3334 membris

311 3345 473 3413 Formieas
494 3350 573 3416 faoii
594 3352 699 3419 altiles
720 3351 835 3436 videri,

279 3427 409 3496 oOuius
430 3433 551 3498 viscera
571 3456 639 3500 non
660 3441 769 3523 aperta
790 3435 911 3502 Tuscus

311 3511 373 3579 Per
393 3515 510 3600 pellem
531 3521 650 3603 poterit
673 3521 777 3585 videre
799 3518 970 3605 haruspex,
