2598 4136
440 190 676 249 manshun.

149 369 179 418 u.
205 355 359 420 Venerem
382 354 482 439 igitur
505 354 622 420 ulmum
645 353 798 438 adorans,

207 461 256 503 sen
276 439 401 504 femina
421 439 489 502 isve
510 459 579 502 mas
601 441 667 522 est,

207 525 248 588 ita
267 527 303 588 ut
325 523 399 586 alba
420 521 631 588 Noctiluoest

131 687 135 696 ι
150 621 284 677 Macrobius
301 623 354 676 sat.
372 621 425 688 III,
443 627 468 688 8,
486 628 503 676 3
520 621 556 676 de
568 619 677 676 Venere
694 635 772 675 mare
791 619 947 698 achsemina
962 619 1043 698 ‘Lae-

118 703 172 741 nnus
181 690 256 743 etiam
267 689 306 744 sio
324 691 380 743 ait’
399 704 423 744 e.
435 703 463 755 q.
475 705 497 742 e.
520 687 618 742 Laevii
633 704 734 744 nomen
747 687 892 743 substituit
903 687 1043 756 Hauptus

119 754 156 806 chs.
173 773 202 810 cr.
240 774 265 826 g.
287 761 334 823 44,
355 755 432 810 idem
455 763 536 810 ‘seu’
559 771 612 811 nec
633 771 689 810 non
713 755 801 810 ‘Iove'
826 754 965 826 reposuit,
992 771 1043 811 uos

119 773 405 900 ‘utet‘llcctilucast'
427 822 489 876 odd.
503 821 585 876 ‘sive’
604 821 669 878 ‘uti’
688 823 852 880 ‘Noctiluca
869 825 942 888 est3'
961 839 1042 892 prae·

117 889 170 944 terea
183 891 270 945 ‘alba’
289 890 388 960 scripu
405 906 457 959 pro
476 889 559 944 alma.

149 1005 180 1053 14.
207 991 335 1057 humum
356 991 499 1056 umidum
520 991 654 1075 pedibus
676 991 768 1056 fodit.

146 1089 285 1146 Priscianus
302 1109 349 1161 pg.
368 1097 430 1147 718:
448 1091 564 1146 ‘humus
581 1089 668 1145 humi.
690 1091 744 1145 hoo
762 1089 848 1146 etiam
864 1091 996 1146 neutrum
1013 1089 1042 1146 iu
1061 1157 1062 1160 Ἴ

112 1173 144 1210 un
161 1159 275 1214 desinens
291 1159 435 1216 invonitur
452 1159 528 1229 apud
545 1159 668 1225 veteres,
692 1158 844 1212 secuudum
868 1157 944 1226 quod
961 1173 1041 1228 opor-

110 1225 157 1278 tune
172 1225 236 1282 hauc
247 1225 465 1282 declinationem
482 1225 607 1282 servavit
622 1225 651 1280 L.
669 1223 699 1279 in
710 1225 827 1282 Adone)
853 1225 981 1280 Imitatus
999 1227 1042 1280 est

110 1289 220 1347 Gracchus
235 1295 265 1348 in
281 1293 416 1362 Thyeste,
435 1292 513 1348 cuius
530 1293 631 1348 eodem
652 1291 671 1346 Ι.
690 1291 773 1348 affert
793 1311 820 1348 v.
837 1292 934 1359 Prisc..
954 1303 1040 1348 ‘mer-

109 1359 134 1436 sit
149 1361 278 1428 sequentis
302 1361 428 1415 umidum
449 1361 561 1439 plantus
584 1359 720 1414 humum’
756 1360 886 1417 Ceterum
908 1361 973 1416 libri
990 1361 1040 1416 hu·

107 1427 195 1482 nidum.
227 1429 268 1484 De
287 1445 369 1498 apro,
388 1430 437 1496 qui
453 1427 604 1498 intercepit
619 1427 753 1496 Adonim,
772 1427 872 1498 egitur.

143 1535 174 1583 15.
200 1528 305 1584 Gellius
322 1528 437 1596 XVIIII,
456 1535 483 1584 7:

142 1611 247 1682 lnagro
265 1612 404 1667 Vaticano
422 1611 533 1667 Iulius
549 1613 678 1668 Paulus
694 1616 793 1684 poeta,
812 1613 961 1669 virbonus
980 1615 1009 1669 et
1026 1619 1040 1669 1

105 1691 176 1733 rerum
191 1681 392 1748 literarumque
410 1681 539 1734 veterum
561 1680 677 1750 inpense
701 1682 811 1748 doctus,
834 1681 1008 1736 herediolum

104 1745 168 1800 tune
183 1748 350 1816 possidebat
373 1747 415 1802 Eo
433 1763 516 1818 saepe
534 1765 585 1803 nos
602 1747 639 1802 ad
651 1764 711 1804 sese
724 1748 846 1803 vocabat
857 1749 887 1802 st
898 1747 1007 1802 oluscu-

103 1811 282 1887 lispomisque
305 1815 373 1870 satis
397 1813 514 1869 comiter
539 1814 708 1886 copioseque
731 1814 879 1868 invitabat.
914 1815 1041 1892 Atque2

102 1880 133 1934 itu
146 1882 217 1936 nolli
233 1881 356 1949 quodam
373 1881 551 1950 tempestatis
568 1883 720 1936 autumnae
733 1881 779 1935 die
792 1896 845 1950 ego
858 1883 887 1935 et
899 1880 1009 1935 Iulius

103 1945 251 2016 Celsinus,
270 1966 334 2003 cum
351 1949 388 2003 ad
406 1965 470 2004 eum
488 1965 664 2005 cenassemus
682 1949 712 2004 et
723 1947 799 2017 apud
811 1963 937 2002 mensam
948 1947 1008 2002 eius

103 2013 251 2072 audhsems
268 2016 328 2085 legi
344 2016 449 2070 Laevi
460 2017 617 2072 Alcestin
634 2015 845 2082 rediremusque
863 2014 893 2068 iu
909 2015 1008 2071 urbem

103 2081 147 2136 sole
161 2083 213 2138 iam
228 2085 288 2139 fere
306 2083 435 2148 occiduo,
457 2083 561 2153 figmas
579 2083 750 2162 hahItusque
768 2083 919 2138 verborum
936 2100 1008 2139 nove

103 2151 141 2201 aut
153 2150 292 2221 insigniter
310 2151 448 2205 dictorum
465 2149 495 2204 in
512 2150 687 2206 Laeviano
709 2151 759 2205 1110
778 2149 900 2206 carmine
922 2152 1007 2206 rumi-

102 2217 225 2273 nabamur.
263 2217 304 2272 Vt
325 2234 454 2286 quaeque
475 2234 531 2272 vox
553 2218 678 2273 indidem
707 2218 793 2288 digua
820 2217 1008 2274 animadverti

103 2284 260 2403 {egesserat
278 2301 337 2352 qua
347 2301 398 2340 nos
410 2301 522 2353 quoque
537 2301 681 2354 possemus
694 2287 748 2353 uti,
766 2285 918 2341 memoriae
930 2303 1007 2340 man·

118 2366 131 2402 c
148 2367 224 2408 amus.

140 2417 219 2474 Erant
235 2421 331 2475 autem
348 2421 446 2490 verba,
471 2435 543 2487 quae
566 2421 633 2474 tunc
656 2419 857 2490 suppetebant,
880 2419 1006 2476 huiusce·
1026 2427 1042 2477 3

102 2486 172 2539 modi:

152 2592 274 2674 corpore
298 2590 428 2678 (inqui’c)
450 2593 640 2675 pectoreque
661 2589 801 2674 undique
823 2590 920 2654 obeso
943 2611 980 2656 ac

151 2679 250 2740 mente
273 2678 406 2740 exsensa
426 2673 646 2760 tardigenuclo

153 2760 232 2822 senio
255 2760 450 2843 obpressum.

102 2869 226 2929 ‘Obesum’
244 2875 291 2930 hic
307 2877 468 2930 notavimus
485 2873 598 2944 proprie
616 2877 719 2946 magis,
743 2893 829 2944 quam
846 2875 950 2930 usitate
968 2877 1009 2928 di-

102 2940 165 2993 etum
179 2959 226 3010 pro
244 2943 312 2998 exili
330 2945 416 3010 atque
434 2941 602 3012 gracilent03
621 2945 723 3022 vulgus
742 2943 816 2998 enim
833 2943 1010 3020 dstp'wr'vel

103 3010 161 3061 κατὰ
179 3011 343 3090 ἀντίφρασιν
361 3010 508 3065 ‘obesum'
530 3027 581 3080 pro
600 3011 680 3066 uben
703 3013 789 3079 atque
811 3027 910 3128 ριιιξιιι
933 3009 1010 3062 dicit.

102 3069 161 3150 Item
170 3078 336 3145 notavrmus,
349 3078 426 3146 quod
438 3077 619 3134 ‘obliteram’
632 3079 746 3148 gentem
761 3093 813 3146 pro
827 3084 858 3128 ‘o
879 3075 1009 3152 literata’
1027 3082 1044 3130 4

103 3137 172 3208 dint3
187 3143 264 3213 item,
282 3145 360 3214 quod
377 3145 478 3213 hostis,
502 3147 552 3214 qui
568 3147 684 3200 foedera
706 3143 882 3211 frangerent,
906 3141 1009 3196 ‘foede
1029 3149 1043 3198 t

103 3204 203 3280 fragcs’,
222 3229 278 3267 non
299 3213 532 3284 ‘foederifragos’
556 3213 639 3278 dixit,
661 3212 730 3264 item
765 3209 841 3278 quod
863 3209 1043 3265 rubentemt

103 3285 214 3332 auroram
230 3279 482 3358 ‘pudoricolorem’
502 3279 660 3356 appellavit
671 3277 701 3332 et
711 3251 889 3332 nlemnonem
906 3277 1009 3332 ‘nocti-

103 3339 331 3415 colorem’31tem,
355 3349 431 3414 quod
450 3349 553 3402 ‘forte’
572 3344 736 3400 dubitanter
758 3345 788 3399 et
810 3345 845 3400 ah
869 3361 915 3413 eo,
934 3345 1010 3414 quod
1028 3351 1043 3400 l

104 3409 138 3459 est
153 3413 251 3481 ‘sileot
269 3416 387 3472 ‘silente
398 3416 475 3469 Ioca’
488 3413 561 3468 dixit
573 3415 601 3468 et
619 3411 848 3481 ‘pulverulenta’
863 3414 891 3467 et
910 3413 1010 3482 ‘pesti-

104 3470 217 3536 lennes
224 3485 298 3550 quod
308 3485 475 3538 ‘carendum
483 3481 526 3538 tui
535 3482 591 3536 est⁷
604 3496 655 3551 pro
669 3480 728 3535 ‘te'
743 3480 875 3550 quodque
889 3488 1009 3548 ‘magno
