2636 4146
250 185 291 249 98
634 187 828 244 101οΡ0000
1171 190 1230 264 [11.

314 353 360 418 At
381 353 451 435 tibi,
472 351 635 434 1110100001,
658 351 777 415 formae
801 349 937 416 caelatur
960 349 1096 434 ahenas,

255 455 257 462 ¹
358 436 465 501 Tellus
488 436 624 500 artifices
645 457 686 498 ne
708 437 791 499 terat
813 434 896 500 Osca
918 457 1046 519 manue,

316 521 378 597 Qui
399 542 450 586 me
472 523 538 584 tam
561 519 678 584 dociles
699 519 834 603 potuisti
855 519 987 585 fundere
1008 519 1043 584 in
1065 541 1152 584 usus

358 604 466 670 Vnum
487 625 565 689 opus
593 607 656 687 est,
685 605 773 686 operi
794 625 862 669 non
883 604 975 668 detur
996 625 1078 668 unus
1101 604 1227 671 hence.

659 699 810 748 2-

699 819 762 894 IH.

316 941 404 1007 Haec
426 942 586 1006 Arethusa
608 963 671 1006 suc.
687 943 787 1006 mittit
807 941 958 1006 mandata
971 941 1127 1026 Lycotae,

361 1025 442 1092 (lum
463 1027 583 1090 totiens
605 1027 704 1108 absis,
730 1027 757 1091 si
777 1029 870 1110 potes
892 1047 961 1090 csse
982 1048 1081 1090 meus,

319 1109 352 1176 Si
374 1133 416 1175 us
437 1114 547 1174 tamen
567 1111 627 1175 tibi
648 1111 768 1174 lecturo
791 1132 865 1194 pers
888 1109 988 1174 oblita
1010 1110 1108 1194 derit,

394 1217 449 1258 ecc
471 1195 532 1259 erit
558 1217 575 1258 e
595 1195 734 1259 lacrimis
756 1195 841 1260 facte
861 1193 957 1260 litura
978 1195 1073 1259 meis:

290 1281 388 1343 cAut
410 1279 500 1362 sique
521 1280 643 1344 incerto
665 1279 755 1342 fellet
775 1283 807 1343 te
829 1279 937 1342 litters
957 1281 1078 1362 tractu,

361 1361 461 1446 Signa
482 1385 570 1427 mese
593 1362 721 1427 dextrae
743 1363 807 1426 iam
828 1363 992 1426 morientis
1015 1365 1117 1427 erunt.

319 1445 364 1511 Te
385 1447 481 1510 modo
504 1446 652 1524 viderunt
673 1448 840 1525 †iterctcs
869 1445 985 1510 Bactra
1006 1467 1063 1530 per
1085 1451 1191 1531 ortus,

360 1529 406 1594 Te
427 1530 522 1593 modo
544 1530 666 1594 munito
689 1529 845 1596 Neuricus
866 1530 969 1595 hostis
993 1552 1089 1615 eque,

318 1613 516 1698 Hibernique
539 1612 653 1696 Getae,
675 1615 761 1699 picto
785 1636 824 1679 ue
846 1613 1013 1679 Britannia
1036 1636 1139 1699 curru,

160 1739 178 1746 ν
225 1741 227 1746 -
270 1711 303 1761 10
361 1697 459 1762 Vetus
483 1697 606 1764 011100
629 1699 757 1764 decolor
818 1699 876 1764 dus
901 1720 991 1782 equo.

318 1781 448 1847 Haecne
469 1783 584 1848 merita
604 1782 682 1848 fides
705 1785 738 1847 et
757 1786 869 1866 pactae
891 1781 1007 1867 gaudia
1027 1783 1143 1866 noctis,

363 1865 443 1932 (lum
464 1866 551 1931 rudis
572 1867 701 1951 urgenti
714 1865 843 1931 brechia
864 1867 948 1930 victa
970 1866 1064 1930 dedi?

321 1951 408 2028 Quae
430 1950 509 2015 mihi
531 1950 684 2016 deductae
704 1950 759 2016 fex
781 1972 875 2015 omen
896 1951 1055 2035 praetulit,
1077 1951 1135 2014 illa

364 2035 535 2120 Traxiteb
558 2056 667 2100 everso
690 2035 810 2099 lumine
831 2035 925 2120 nigra
946 2055 1045 2120 roge,

273 2118 363 2182 15111
385 2117 497 2202 Stygio
520 2141 590 2182 sum
611 2141 720 2202 sparsa
741 2120 826 2203 lecu,
849 2141 909 2184 nee
930 2122 1017 2183 recte
1039 2119 1164 2203 capillis

363 2203 455 2266 Vitta
478 2202 596 2267 datast:
618 2205 713 2285 nupsi
734 2225 802 2268 non
823 2204 995 2268 comitante
1016 2203 1086 2269 deo.

321 2285 476 2352 Omnibus
499 2285 562 2352 heu
582 2287 683 2371 portis
705 2287 847 2371 pendent
867 2309 938 2352 mea
959 2287 1056 2352 noxie
1076 2291 1166 2353 vote:

362 2369 494 2436 Texitur
514 2369 593 2436 haee
615 2373 727 2436 cestris
749 2375 861 2455 quarte
882 2372 1008 2436 lacerna
1029 2371 1101 2436 tuis,

322 2454 467 2538 Occidet,
490 2456 638 2520 inmeritu
660 2456 714 2539 qui
736 2456 853 2540 carpsit
875 2456 914 2520 ab
937 2455 1048 2520 arbore
1070 2455 1194 2522 vellum

269 2552 306 2602 20
362 2539 408 2602 Et
429 2540 545 2604 struxit
565 2539 711 2623 querulus
733 2561 828 2604 rauce
848 2561 906 2623 per
928 2561 1000 2604 csse
1020 2539 1126 2622 urbas

321 2621 460 2704 Dignior
481 2623 610 2707 obliquo
632 2623 742 2688 funem
764 2625 818 2708 qui
840 2627 988 2708 torquent
1008 2623 1112 2706 Ocn0‚

364 2709 592 2790 Aeternusque,
606 2711 694 2771 tusnr
716 2711 841 2792 pascat,
865 2708 976 2791 aselle,
999 2707 1125 2772 famem.

310 2790 383 2855 'Die
404 2789 498 2874 mihi,
522 2813 600 2854 num
621 2795 748 2856 teneros
770 2793 834 2857 urit
855 2792 954 2856 lorice
975 2792 1135 2856 lacertos?

364 2873 450 2940 Num
472 2876 578 2960 gravis
600 2876 733 2940 inbelles
756 2877 866 2940 atterit
885 2875 978 2940 haste
998 2878 1135 2940 manus?

269 2973 305 3021 25
320 2958 409 3024 Haec
430 2963 570 3024 noceant
590 2959 713 3045 pptius,
742 2981 836 3044 quem
858 2959 1006 3024 dentibus
1028 2959 1094 3024 ulla
1115 2963 1229 3044 puelle

364 3043 428 3107 Det
449 3043 528 3108 mihi
551 3043 721 3129 plorandas
742 3066 799 3128 per
820 3047 875 3108 tue
897 3044 979 3109 colla
1000 3047 1100 3109 nctus.

322 3127 445 3192 Diceris
469 3131 501 3192 et
521 3129 623 3192 macie
642 3129 764 3192 voltum
785 3132 948 3193 tenuasse:
970 3127 1026 3193 sed
1049 3132 1137 3214 epte,

364 3210 392 3275 n
416 3211 570 3276 desiderio
593 3212 636 3276 sit
650 3213 744 3277 'color
758 3213 819 3277 iste
841 3233 925 3278 mec

322 3297 368 3360 At
389 3295 468 3360 mihi
490 3317 563 3360 cum
583 3299 694 3361 noctes
716 3297 842 3364 induxit
863 3317 975 3381 vesper
996 3317 1137 3377 emeres,

272 3393 307 3442 10
364 3378 461 3462 Siqua
482 3380 593 3446 relicte
614 3381 734 3464 iacent,
758 3380 884 3446 osculor
906 3402 993 3448 erma
1014 3385 1078 3444 tue.

322 3463 403 3528 Tum
426 3484 541 3548 queror
563 3465 597 3528 in
619 3467 687 3530 1010
709 3487 786 3534 non·
799 3465 900 3530 sidere
922 3465 1019 3550 pallis
1040 3465 1153 3554 lecte„
