2666 4138
129 201 162 272 1.]
521 198 629 254 amau
650 198 712 253 1111.
1054 192 1095 258 47
1164 249 1166 256 ,

11 415 12 418 ,
130 363 280 446 Aptaque
303 359 355 424 vel
377 359 471 422 cantu
492 361 615 423 veteres
636 362 758 424 mutare
780 359 912 444 figuras:

11 437 13 446 ¹
132 443 331 511 Cimmerion
354 443 450 506 etiam
472 443 621 506 obscuras
644 443 778 508 accessit
800 443 839 508 ad
861 465 964 526 arces,

11 539 14 634 j
133 529 210 605 Quis
233 548 408 610 numquam
430 526 584 590 candente
606 526 673 591 dies
696 527 842 610 adparuit
863 531 950 610 ortu,
1062 539 1096 590 oo

133 612 196 678 Seu
219 633 316 694 supra
336 613 437 675 terras
458 610 605 674 Phoebus
628 631 684 674 seu
706 613 845 675 curreret
865 611 963 676 infra:

131 695 239 778 Vidit,
261 697 299 758 ut
319 693 445 759 inferno
467 693 614 758 Plutonis
636 694 763 760 subdita
783 715 883 780 regno

11 834 27 865 3
132 779 255 864 Magna
277 777 371 860 dqum
392 777 497 861 proles
519 778 642 843 levibus
664 778 854 842 discurreret
875 779 1011 862 umbris,
1143 822 1146 826 -

93 835 112 938 Η
133 861 365 944 Praeteriitque
388 861 451 926 cita
473 861 619 926 Sirenum
640 861 735 926 litora
755 863 865 946 puppi.

175 968 230 1009 um
251 946 336 1008 inter
357 945 504 1030 geminae
525 949 657 1010 nantem
679 945 817 1010 confinia
837 947 949 1009 mortis
1063 957 1097 1008 70

167 1051 202 1094 eo
225 1028 349 1112 Scyllae
372 1049 464 1092 saevo
488 1029 662 1093 conterruit
683 1029 820 1112 impetus
843 1051 912 1112 ore,

162 1135 216 1176 um
239 1113 369 1176 canibus
391 1111 517 1176 rabidas
538 1113 622 1176 inter
643 1111 711 1176 fera
733 1112 1011 1196 serperetundaS,

133 1196 204 1262 Nec
225 1195 366 1260 violenta
387 1217 444 1260 suo
468 1196 665 1280 consumpsit
685 1217 774 1260 more
796 1195 989 1282 Charybdis,

11 1311 20 1338 ι
131 1279 196 1344 Vel
217 1281 245 1343 si
267 1279 411 1344 sublimis
432 1279 531 1344 fluctu
552 1283 759 1364 consurgeret
779 1281 860 1364 imo,

132 1363 196 1428 Vel
217 1364 245 1427 si
265 1364 443 1446 interrupto
465 1361 601 1427 nudaret
621 1365 749 1448 gurgite
769 1367 914 1448 pontum.
1063 1377 1095 1428 '15

132 1447 211 1512 Non
231 1447 350 1512 violata
372 1447 445 1531 vagi
466 1447 621 1512 sileantur
641 1469 760 1531 pascua
781 1447 879 1530 Solis,

133 1530 211 1596 Non
233 1551 323 1596 amor
344 1532 377 1595 et
396 1530 534 1595 fecunda
554 1531 737 1596 Atlantidos
760 1554 835 1596 arva
856 1531 1026 1616 Calypsus,

132 1614 223 1680 Finis
246 1617 279 1680 εὴ
300 1614 414 1678 erroris
435 1614 543 1678 miseri
566 1613 722 1680 Phaeacia
744 1617 849 1680 tellus.

134 1699 242 1782 Atque
263 1697 342 1762 haec
363 1719 420 1762 seu
440 1701 567 1763 nostras
588 1699 673 1762 inter
694 1701 769 1762 sunt
790 1700 918 1783 cognita
938 1703 1053 1784 terras,
1177 1757 1179 1764 ,

133 1781 258 1846 Fabula
280 1782 346 1846 rive
367 1803 487 1846 novum
508 1782 596 1846 dedit
616 1782 667 1846 his
689 1783 847 1846 erroribus
870 1783 993 1866 orbem,
1062 1796 1098 1846 80

11 1871 31 1912 ²³
134 1865 185 1930 Sit
205 1865 298 1929 labor
318 1865 418 1948 illius,
441 1869 496 1930 tua
518 1865 592 1930 dum
613 1866 777 1947 facundia,
799 1865 909 1930 maior.

176 1949 246 2013 Iam
266 1951 299 2013 te
320 1969 387 2013 non
408 1950 489 2014 alius
511 1950 588 2014 belli
609 1952 698 2013 tenet
719 1950 823 2034 aptius
846 1953 944 2033 artes,
1030 1985 1032 1990 ‚

134 2032 205 2108 Qua
227 2033 337 2098 deceat
357 2035 460 2097 tutam
482 2035 593 2098 castris
614 2032 805 2116 praeducere
826 2033 959 2118 fossam,

135 2116 279 2192 Qualiter
302 2116 450 2182 adversos
472 2116 558 2181 hosti
580 2117 717 2202 defigere
739 2139 863 2202 ceruos,

135 2200 276 2276 Quemue
298 2199 404 2265 locum
427 2200 521 2265 ducto
543 2201 657 2265 melius
680 2202 722 2266 sit
743 2202 887 2266 claudere
908 2202 1010 2286 vallo,
1063 2212 1097 2264 85

134 2281 297 2348 Fontibus
310 2287 348 2348 ut
368 2285 477 2348 dulces
499 2288 644 2369 erumpat
664 2287 749 2349 terra
770 2286 923 2369 liquores,

133 2366 181 2432 Vt
200 2367 366 2451 facilisque
387 2369 451 2432 tuis
474 2367 577 2432 aditus
601 2370 643 2433 sit
664 2372 696 2432 et
717 2369 833 2432 arduus
854 2369 956 2452 hosti,

133 2451 251 2516 Laudis
273 2453 306 2516 et
326 2451 457 2516 adsiduo
479 2453 587 2537 vigeat
608 2453 779 2517 certamine
801 2453 902 2518 miles.

137 2535 215 2610 Quis
236 2535 398 2600 tardamue
420 2535 530 2600 sudem
551 2537 664 2600 melius
687 2537 859 2602 celeremue
881 2537 1030 2622 sagittam

135 2617 250 2682 lecerit
271 2622 326 2682 aut
346 2619 434 2684 lento
455 2621 644 2706 perfregerit
666 2621 758 2686 obvia
779 2621 869 2706 pilo?
1063 2633 1096 2682 90

103 2735 106 2743 ·
134 2703 201 2767 Aut
215 2702 285 2786 quis
301 2723 417 2785 equum
438 2704 572 2768 celerem
586 2708 722 2788 angusto
738 2726 927 2789 conpescere
942 2705 1033 2768 frenc

101 2829 105 2844 .
134 2785 242 2850 Possit
264 2788 297 2850 et
318 2786 434 2850 effusas
456 2787 546 2851 tardo
568 2789 752 2871 permittere
773 2788 928 2872 habenas,

135 2867 236 2953 Inque
257 2869 360 2934 vicem
381 2870 477 2934 modo
500 2871 620 2935 directo
642 2871 833 2936 contendere
855 2895 966 2956 passu,

15 2966 20 2989 '
136 2952 198 3017 Seu
219 2953 333 3037 libeat,
356 2975 451 3018 curvo
474 2955 599 3018 brevius
622 2958 805 3020 convertere
826 2977 906 3040 gyro
912 3004 922 3037 ,

12 3037 32 3076 '⁴
136 3035 213 3111 Quis
235 3058 359 3121 parma,
382 3059 438 3102 seu
459 3037 570 3103 dextra
591 3039 668 3103 velit
689 3060 745 3103 seu
766 3039 870 3122 laeva,
891 3039 988 3120 tueri,
1063 3049 1095 3100 95

136 3118 208 3184 Sive
228 3119 290 3184 hac
312 3122 378 3186 sive
399 3123 473 3186 illac
495 3124 602 3187 veniat
624 3123 729 3206 gravis
752 3123 890 3206 impetus
913 3121 1040 3206 hastae,

96 3257 99 3275 ι
133 3203 264 3287 Aptior,
287 3209 343 3269 aut
364 3205 391 3270 si
415 3209 491 3270 nata
513 3207 575 3272 cita
596 3207 667 3271 loca
687 3209 820 3289 tangere
841 3204 965 3270 funda?

133 3285 203 3350 Iam
226 3289 321 3352 simul
343 3227 471 3354 audonis
493 3291 622 3354 venient
644 3289 816 3354 certamina
836 3288 962 3374 Martie,

132 3369 347 3456 Adversisque
368 3377 484 3457 parent
505 3374 587 3438 acies
610 3393 796 3437 concurrere
818 3375 933 3458 signis,

133 3452 298 3520 'ltrmtibi
319 3477 387 3522 non
408 3457 491 3522 desit
512 3458 625 3522 faciem
648 3477 828 3541 conponere
849 3480 990 3546 pugnae,
1049 3471 1097 3520 100
