2628 4116
94 199 196 282 cxvi]
515 201 631 258 arnan

508 366 631 439 CXVI.

20 503 23 512 ⁴
94 499 188 582 Saepe
210 497 271 562 tibi
295 497 437 562 studioso
460 498 565 562 animo
587 499 723 562 venante
744 498 908 580 requirens

133 582 282 649 Carmina
303 583 351 645 uti
374 602 501 666 possem
522 582 648 646 mittere
670 581 849 665 Battiadae,

95 669 151 744 Qui
171 671 204 730 ta
227 666 364 730 lenirem
384 666 493 748 nobis,
515 687 578 730 neu
600 685 747 730 conarere

132 751 218 814 Telis
239 749 366 814 infestis
388 751 470 814 icere
491 749 537 814 mi
558 771 659 834 usque
681 753 789 833 caput,

93 835 184 900 Hunc
206 833 301 897 video
324 832 403 898 mihi
418 855 511 898 nunc
531 833 650 898 frustra
671 837 832 917 sumptum
860 855 928 898 esse
951 833 994 896 la·
1035 841 1053 894 6

14 917 16 922 ’
699 917 823 1000 borem,

134 1003 232 1086 Gelli,
254 1023 314 1066 nec
335 1005 462 1066 nostras
483 1001 536 1065 hio
559 1001 695 1065 valuisse
716 1021 835 1084 preces.

94 1086 210 1153 Contra
231 1107 293 1149 nos
314 1085 380 1150 tela
400 1085 462 1150 ista
483 1088 539 1150 tua
559 1085 712 1150 evitamus
734 1085 865 1151 amictur

131 1172 176 1234 At
197 1169 280 1234 fixus
301 1169 421 1234 nostris
442 1173 478 1233 tu
500 1169 580 1234 dabi'
604 1167 803 1252 supplicium.

475 1441 675 1454 ’.η-υ.-

406 1691 742 1770 FRAGMENTA.

139 1873 164 1924 1.
198 1862 232 1924 at
252 1881 320 1924 non
343 1858 474 1945 effugies
496 1883 584 1926 meos
606 1861 739 1924 iambos.

139 1959 245 2028 Porph.
262 1959 299 2012 ad
317 1958 384 2012 Hor.
402 1974 426 2014 c.
443 1959 469 2026 Ι,
488 1965 527 2026 16,
547 1967 591 2015 24:
608 1959 723 2014 iambici
741 1959 836 2013 autem
853 1973 950 2014 versus
968 1959 1055 2028 aptis-

90 2026 154 2080 simi
171 2026 313 2080 habentur
331 2025 368 2080 ad
384 2026 618 2082 maledicendum.
655 2042 700 2080 s*
718 2047 730 2076 a
749 2026 869 2147 denissue
888 2028 917 2082 et
929 2025 1055 2082 Catullus

91 2110 154 2147 cum
171 2093 324 2148 maledicta
340 2093 495 2148 minaretur
516 2095 556 2148 sic
578 2094 619 2148 ait
640 2110 663 2148 e.
682 2110 709 2172 q.
727 2111 747 2148 s.
765 2123 799 2134 —
855 2093 1055 2164 Porphyrionis

91 2161 258 2299 {limuKleeiiil
279 2161 362 2214 fluxit
382 2160 428 2214 hic
452 2179 477 2215 v.
499 2162 528 2215 in
551 2162 743 2231 anthologiam
766 2160 904 2217 Cusanum
929 2163 1056 2233 [pg.110

141 2341 167 2392 2.
199 2329 285 2394 huno
306 2330 412 2394 lucum
433 2331 493 2394 tibi
515 2331 626 2396 dedico
649 2351 862 2415 consecroquc
883 2331 1013 2415 Priape,

198 2435 260 2496 qua
281 2413 393 2478 domus
415 2417 471 2478 tua
485 2414 684 2500 Lampsaoist
698 2435 820 2499 quaque
834 2417 915 2481 silua
929 2413 1055 2500 Priapo.

198 2519 273 2560 nam
294 2501 327 2562 te
348 2499 517 2582 praecipue
538 2501 573 2563 in
594 2500 659 2564 suis
681 2500 812 2564 urbibus
835 2501 912 2565 colit
934 2520 990 2563 ora

198 2580 420 2665 Hellespontia
442 2583 555 2648 ceteris
578 2584 744 2648 ostriosior
768 2583 841 2648 oris

137 2679 205 2754 ier.
222 2681 313 2735 Maur.
330 2700 356 2736 v.
375 2689 441 2738 2766
459 2699 520 2751 sqq.
538 2682 620 2739 affert
641 2683 712 2738 haec
734 2682 771 2736 ad
789 2683 950 2752 exemplum
972 2682 1057 2736 matri

93 2744 216 2815 Pnapei:
234 2749 360 2803 eiusdem
377 2750 588 2804 demonstrandi
605 2767 690 2805 causa
706 2751 839 2819 promunt
855 2750 978 2819 primum
995 2766 1057 2803 ver-

94 2829 157 2889 sun
173 2815 273 2870 Atilius
291 2815 508 2895 Fortunatianus
530 2834 577 2895 pg.
595 2823 670 2873 2675.
688 2823 763 2874 2676.
782 2823 860 2884 2697;
883 2817 1057 2894 Pseudoccn-

96 2895 202 2936 acrinus
219 2889 300 2949 27273
319 2883 424 2938 Manus
436 2884 597 2938 Victorinus
614 2891 690 2940 2567.
707 2891 782 2941 2596
800 2891 876 2952 2600,
894 2885 944 2952 qui
962 2884 1059 2938 stilla

95 2953 177 3064 {giam
192 2951 390 3073 εθῖξέἓθοὶθιιθ
408 2953 438 3004 in
454 2953 526 3006 suis'
545 2954 575 3007 et
592 2952 803 3022 ‘Hellespontia
820 2952 934 3006 octaris’
952 2966 1058 3005 memo-

97 3032 227 3155 Ssstlplgger.
251 3085 327 3139 Nota
343 3085 373 3138 in
390 3086 491 3140 finibus
508 3103 688 3143 numerorum
704 3085 878 3142 recurrentia
894 3085 946 3138 illa
980 3083 1059 3154 riapc

95 3143 196 3216 Pnape
214 3153 242 3206 et
259 3169 309 3206 ora
328 3153 391 3207 oris.

152 3261 174 3310 3.
203 3305 222 3316 .
239 3295 257 3314 u
273 3307 294 3317 -
312 3299 330 3318 c
347 3297 366 3316 c
384 3255 423 3319 cle
445 3276 532 3320 mero
555 3257 703 3340 ligurrire
726 3253 867 3318 libidoat.

151 3347 217 3406 Non.
235 3370 281 3422 pg.
301 3360 364 3408 134:
382 3353 513 3424 ligurrire
532 3355 681 3424 degustare
698 3353 778 3408 'unde
797 3353 923 3409 Catullus
940 3354 1060 3424 Priapeo

95 3426 194 3535 ςὶέἐοεζ
210 3419 376 3540 v:Priapeo’
394 3421 602 3491 harthmannus,
622 3421 752 3490 ‘Priapo’
772 3422 849 3490 libri;
869 3430 977 3477 ‘mero'
997 3437 1059 3491 ego,

359 3025 400 3071 ,2
422 3019 452 3072 id
475 3019 552 3086 quod
570 3021 614 3074 est
631 3019 734 3074 ‘silva’
754 3018 897 3074 verissime
915 3036 947 3071 su
988 3017 1059 3070 levit
