2628 4116
108 235 202 308 111]
526 235 642 292 arena.

107 397 151 462 Vt
172 397 297 462 albulus
320 395 485 461 columbus
508 400 562 460 ant
583 397 756 462 Adoneus?

108 481 246 547 Cinaede
268 481 419 562 Romule,
441 479 521 545 haec
541 480 663 546 videbis
686 480 842 548 etseras?

82 593 85 598 ¹
106 565 149 629 Es
170 565 340 650 inpudicus
363 567 396 628 et
416 585 514 627 vorax
536 567 568 628 et
589 565 667 630 aleo.
1038 575 1072 626 10

106 649 196 714 Eone
217 649 364 729 nomine,
387 649 561 732 imperator
581 649 687 730 unice,

106 733 209 796 Fuisti
229 733 266 798 in
287 730 401 796 ultima
423 731 596 796 occidentis
618 733 739 816 insula,

105 815 150 880 Vt
170 817 234 880 ista
254 819 362 880 vostra
383 815 528 880 defututa
549 815 692 880 Mentula

106 899 280 964 Ducenties
303 902 459 964 comesset
480 901 536 963 aut
557 899 747 964 trecenties?

107 983 189 1058 Quid
212 987 262 1048 est
283 983 348 1046 alid
370 982 500 1046 sinistra
521 982 717 1048 liberalitas?
1038 997 1070 1046 15

106 1067 223 1132 Parnm
246 1067 424 1150 expatravit
444 1088 486 1131 an
507 1088 620 1150 parum
643 1067 765 1131 eluatus
786 1066 858 1132 est?

106 1150 244 1215 Paterna
264 1151 367 1236 prima
387 1150 550 1214 lancinata
571 1153 647 1214 sunt
666 1150 765 1214 bona:

107 1233 253 1299 Secunda
272 1233 391 1318 praeda
411 1233 561 1298 Pontica:
583 1233 658 1298 inde
679 1233 774 1299 tertia

105 1317 240 1400 Hibera,
264 1339 358 1402 quam
380 1319 441 1382 soit
462 1319 567 1382 amnis
588 1319 705 1383 aurifer
726 1317 842 1403 Tagus.

107 1401 276 1467 Timentne
299 1401 422 1466 Galliae
442 1400 544 1484 hunc,
566 1402 681 1488 timent
702 1401 908 1468 Britanniae?
1036 1415 1070 1466 10

107 1485 189 1560 Quid
211 1486 299 1550 hunc
320 1486 439 1549 malum
460 1485 597 1550 fovetis?
630 1489 685 1550 aut
706 1487 782 1571 quid
803 1487 855 1553 hic
877 1491 997 1572 potest,

106 1569 178 1634 Nisi
199 1573 300 1634 uncta
322 1569 471 1634 devorare
493 1570 704 1652 patrimonia?

107 1653 197 1718 Eone
219 1653 350 1718 nomine
372 1653 475 1736 urbis,
499 1674 517 1716 0
539 1655 714 1738 potissimei

108 1735 203 1802 Socer
224 1758 400 1822 generque,
422 1735 605 1828 perdidistis
628 1737 756 1802 omnia?

512 1901 664 1910 ..-———.—.

530 2017 643 2091 XXX.

69 2137 87 2188 1
108 2155 224 2222 Alfene
246 2158 404 2222 inmemor
425 2160 520 2242 atque
541 2157 701 2222 unanimis
723 2157 803 2223 false
825 2157 1000 2245 1010111111,

107 2239 173 2306 Iam
196 2245 230 2306 te
251 2243 300 2306 nil
320 2243 462 2325 miseret,
486 2241 577 2326 dure,
599 2242 647 2306 tui
669 2241 770 2306 dulcis
793 2244 942 2308 amiculi?

107 2374 174 2440 Iam
188 2398 243 2440 me
257 2375 406 2460 prodere,
428 2376 494 2440 iam
516 2397 582 2440 non
604 2375 729 2440 dubitas
744 2377 869 2459 fallere,
890 2377 1031 2461 perfide?

107 2457 137 2524 N
139 2481 175 2524 eo
185 2461 274 2554 facta
284 2459 373 2543 inpia
383 2459 533 2524 fallacum
544 2459 710 2524 hominum
721 2461 879 2526 caelicolis
892 2461 1033 2544 placent:

109 2588 199 2674 Quod
214 2597 252 2657 tu
273 2593 433 2678 neglegis,
456 2615 493 2658 ac
514 2615 565 2658 me
581 2593 732 2658 miserum
748 2593 865 2658 deseris
881 2594 915 2658 in
929 2595 1030 2658 malis.
1053 2607 1069 2658 ⁶

108 2675 198 2742 Eheu
230 2677 304 2761 quid
329 2676 464 2758 faciant,
493 2677 744 2762 110,1101111111,
775 2677 864 2742 cuive
889 2676 1030 2750 habeant

757 2761 875 2826 fidem?

109 2892 202 2960 Certe
226 2897 293 2959 1111
315 2895 447 2960 iubebas
469 2897 609 2960 animam
630 2895 769 2978 tradere,
792 2896 913 2980 inique,
935 2919 987 2962 me
1105 2915 1107 2920 ·

109 2975 268 3044 Inducens
283 2979 317 3042 in
332 3000 488 3063 amorem,
510 2981 601 3064 quasi
621 2983 692 3044 tuta
713 2981 822 3044 omnia
842 2981 887 3044 mi
901 2981 1017 3046 forent.

109 3110 196 3176 Idem
212 3125 303 3176 nnnc·
313 3113 448 3177 retrahis
462 3116 495 3178 te
517 3136 555 3179 ac
575 3117 631 3179 tua
653 3115 738 3179 dicta
759 3113 868 3178 omnia
884 3113 1029 3198 factaque
1054 3114 1062 3125 “

109 3193 233 3262 Ventos
255 3196 352 3261 inrita
373 3197 455 3262 ferre
477 3219 514 3262 ao
534 3198 668 3262 nebulas
690 3198 790 3262 aerias
813 3196 902 3260 sinis.
1039 3213 1072 3261 10

109 3329 142 3394 si
155 3333 193 3395 tu
209 3330 329 3395 oblitus
344 3353 392 3414 er,
416 3334 450 3395 at
464 3331 496 3394 di
511 3330 740 3411 meminerunt,
756 3331 901 3396 meminit
915 3330 1009 3396 Fides
1013 3380 1023 3415 ,

109 3412 196 3489 Quae
218 3417 251 3480 11
273 3417 311 3478 ut
330 3416 492 3500 paeniteat
512 3413 681 3498 postmodo
703 3415 780 3479 facti
801 3415 899 3481 faciet
918 3416 974 3480 tui.

514 3569 667 3595 ”““““Ἳ““
