2636 4146
11 1795 13 1888 l

11 1891 14 2042 l

11 2095 13 2150 l

15 3571 16 3574 Ἴ
77 3481 173 3548 Vnde
196 3483 263 3548 selo
287 3486 439 3568 superant
458 3482 563 3566 venti,
586 3481 662 3566 quid
684 3482 811 3547 flamine
835 3484 942 3566 captet

72 215 146 287 nn]
283 189 286 195 ’
461 217 569 271 smne
589 215 651 273 nn.

71 377 150 442 Tela
170 377 206 440 fu
231 376 296 440 eois
319 377 392 460 equi
416 381 448 442 et
468 378 590 442 bracati
611 377 723 442 militis
746 398 836 441 orons

112 461 157 526 nt
178 398 288 525 sulrter
309 464 421 545 captos
443 481 533 526 ormo
555 461 663 527 sedere
686 462 790 525 duces.
1107 541 1108 544 Ἴ

70 545 146 629 Ipse
159 548 248 608 tuem
263 565 355 609 serva
367 545 506 629 prolem,
522 543 647 610 Venus:
670 545 732 610 hoc
748 546 791 611 sit
804 545 839 608 in
854 565 980 628 aevum,

114 628 226 694 Cernis
249 629 290 692 ab
311 629 425 694 Aones
446 629 531 713 quod
553 651 717 713 superesse
739 632 843 713 ceput.
1003 640 1037 688 20

71 713 194 777 Praeda
216 712 259 776 sit
279 712 360 776 haec
380 713 462 795 illis,
485 735 619 798 quorum
640 735 782 778 memore
803 712 944 776 labores:

113 797 167 860 Me
189 801 240 861 set
261 797 323 860 erit
344 795 440 862 Sacra
461 798 612 881 plaudere
633 819 727 882 posse
749 795 819 862 Vis.
856 851 858 857 .

480 928 632 937 ——.-—-.

469 1009 541 1084 mr
568 1011 638 1104 [Vl.

72 1133 165 1198 Pacis
187 1133 289 1197 Amor
311 1132 388 1196 deus
411 1135 469 1216 est,
492 1155 603 1216 pacem
630 1154 817 1197 veneremur
841 1133 993 1198 amantes.

115 1215 212 1284 Stant
231 1215 312 1280 mihi
334 1237 406 1281 cum
430 1217 559 1281 domins
579 1216 703 1301 proelis
726 1217 804 1280 dura
825 1237 910 1280 mee:

72 1301 104 1366 N
107 1322 143 1366 eo
165 1303 276 1364 tamen
297 1301 402 1364 inviso
424 1305 536 1384 pectus
557 1300 637 1365 mihi
660 1301 798 1386 carpitur
820 1321 911 1382 auro,
1029 1356 1030 1360 ,

114 1383 185 1450 Neo
206 1384 290 1448 bibit
311 1407 328 1449 e
349 1405 478 1470 gemme
498 1385 595 1450 divite
617 1387 727 1449 nostre
749 1385 834 1469 sitis,

73 1467 143 1534 Nec
164 1467 245 1532 mihi
266 1469 355 1533 mille
376 1469 461 1554 iugis
484 1467 660 1554 Campania
681 1469 811 1555 pinguis
832 1470 955 1552 aretur,
1022 1479 1039 1528 5

115 1551 186 1619 Nec
207 1553 304 1618 miser
326 1574 400 1616 aere
420 1574 497 1638 paro
520 1554 625 1638 clude,
648 1553 818 1636 Corintho,
840 1556 906 1617 tua.

75 1636 100 1702 0
124 1637 229 1720 prima
250 1636 361 1702 infelix
382 1637 518 1722 fingenti
539 1642 624 1702 terre
645 1635 853 1702 Prometheo!

115 1721 176 1785 llle
198 1742 310 1805 perum
333 1721 418 1785 cauti
439 1721 578 1804 pectoris
600 1722 669 1806 egit
689 1741 784 1804 opus:

76 1803 222 1888 Corpore
243 1804 416 1888 disponens
438 1807 578 1870 mentem
599 1825 667 1868 non
687 1804 768 1868 vidit
788 1805 823 1867 in
845 1807 921 1868 orte.

115 1888 218 1952 Recte
239 1889 339 1952 enimi
359 1889 498 1972 primum
520 1889 629 1953 debuit
650 1909 718 1953 esse
740 1888 801 1952 ric.
1008 1901 1041 1949 10

75 1972 172 2038 Nune
193 1973 290 2036 maris
312 1973 347 2036 in
368 1975 494 2036 tuntum
515 1975 611 2037 vento
633 1973 804 2054 iactemur,
827 1975 860 2036 et
879 1971 1005 2036 hostem

117 2055 322 2139 Quaerimus,
345 2061 439 2140 atque
462 2057 557 2121 armis
579 2057 737 2122 nectimus
760 2077 848 2120 arma
868 2077 961 2120 nova.
1040 2104 1052 2127 ,

76 2139 166 2204 Haut
186 2141 267 2204 ullas
289 2141 432 2224 portabis
454 2161 531 2224 opes
553 2140 746 2206 Acherontis
768 2141 808 2205 ed
830 2139 946 2204 undas:
958 2145 972 2272 l
1018 2099 1066 2232 cl?

116 2224 234 2316 Q
254 2224 293 2288 sd
315 2225 471 2308 infernas,
494 2225 604 2308 stulte,
627 2223 742 2290 vehere
763 2228 857 2289 rates.

76 2307 189 2372 Victor
211 2329 282 2372 oum
304 2308 397 2373 victis
419 2309 539 2392 pariter
559 2309 744 2374 miscebitur
764 2309 901 2372 umbris:
1009 2321 1042 2372 lc

118 2391 259 2458 Consule
282 2413 354 2456 cum
375 2391 492 2474 Mario,
516 2396 608 2476 cepte
629 2390 798 2477 Iugurtha,
821 2391 921 2455 sedes.

76 2475 184 2560 Lydus
206 2475 357 2541 Dulichio
378 2497 446 2540 non
467 2475 566 2540 distat
587 2474 723 2542 Croesus
746 2476 786 2539 cb
808 2473 877 2539 Iro:

118 2560 251 2644 Optima
271 2581 372 2643 mors,
394 2558 514 2625 Pareae
536 2581 617 2644 quae
639 2559 728 2625 venit
749 2561 821 2624 acts
843 2559 903 2624 die.

76 2643 128 2710 Me
150 2645 240 2708 iuvat
259 2644 295 2707 in
314 2645 420 2728 prima
442 2645 578 2710 coluisse
598 2644 756 2710 Helicona
777 2645 907 2708 iuventa

116 2728 347 2812 Musarumque
369 2728 475 2793 choris
496 2729 682 2814 inplicuisse
703 2750 833 2794 munus:
1009 2740 1044 2790 20

77 2811 129 2876 Me
148 2813 238 2876 iurat
260 2814 292 2876 et
312 2813 416 2876 multo
437 2815 579 2877 mentem
600 2813 720 2878 vincire
741 2811 847 2895 Lyceo

117 2895 165 2960 Et
186 2899 282 2978 caput
302 2897 337 2960 in
357 2915 457 2960 verno
481 2916 606 2980 semper
627 2895 743 2960 hebere
764 2916 846 2959 rosc.

77 2981 185 3129 Atgue
207 2980 263 3076 ubi
284 2981 348 3044 iem
363 2979 522 3077 Venerem
542 2979 650 3065 gravis
671 2979 876 3062 interceperit
897 2981 1000 3063 aetas,
1075 2991 1077 2998 ’

77 3063 877 3232 usalst*„tutetsttttststsst‚
1010 3157 1043 3208 25
1117 3191 1121 3196 .

119 3231 199 3308 Quis
222 3231 299 3296 deus
320 3231 404 3296 hene
425 3231 536 3296 mundi
557 3233 714 3314 temperet
735 3232 802 3294 erte
824 3229 969 3315 domum,

77 3314 148 3390 Qua
169 3316 259 3380 venit
280 3317 439 3399 exoriens,
463 3336 525 3399 quc
546 3315 667 3398 deficit,
693 3313 777 3379 unde
799 3314 918 3379 coactis

119 3397 281 3466 Cornibus
303 3401 338 3466 in
358 3400 489 3484 plenum
510 3400 673 3464 menstrua
695 3399 782 3462 luna·
792 3397 892 3482 redit,

857 3588 872 3636 5
