2598 4136
456 216 668 274 PRAEFATIO.
1032 227 1056 275 V

111 387 208 445 lactum
232 387 286 460 sit,
313 385 423 444 eortius
450 385 572 444 definire
592 386 665 444 mihi
685 403 746 444 non
769 385 903 463 contigit.
945 384 1058 444 Statuit

111 471 214 544 quidem
237 469 386 546 Hauptius
414 465 457 548 [in
477 472 533 528 aot.
555 488 613 530 soe.
635 469 694 528 litt.
717 469 823 530 Saron.
843 470 874 543 I,
897 465 969 548 256]
997 471 1057 527 iam

42 588 44 594 ·
109 552 239 613 Gulelmo
260 553 470 629 Pastrengioo‚
499 555 591 613 amieo
614 553 785 626 Pet'rsrcae‚
805 553 970 614 innotuisse
995 571 1056 612 oar·

110 639 176 696 mina
191 639 317 711 Tibulli,
340 637 450 713 quippe
470 639 522 714 qui
542 638 575 696 in
589 637 668 698 libro
683 638 720 696 de
735 638 901 714 originibus
915 655 1015 700 rerum
1031 655 1057 700 e.

110 723 217 782 a1340
237 723 349 798 scripto
372 717 473 798 (quem
494 721 531 780 ob
552 739 699 782 summam
719 722 782 782 eius
797 722 951 782 raritatem
965 721 1056 798 inspi-

110 823 162 866 oere
179 806 261 865 nobis
282 824 344 864 non
364 802 504 882 contigit)
526 805 630 865 afferat
649 808 716 866 ooto
736 805 800 866 eius
820 825 925 868 versus
939 825 975 866 ex
996 825 1019 865 o.
1037 807 1055 864 7

109 891 183 962 primi
203 891 260 949 vol.
285 884 462 968 [ae-3613
491 889 543 948 sed
563 907 624 948 non
644 891 784 950 abhorret
809 909 826 948 a
846 890 1056 966 probabilitate

113 991 167 1032 eum
183 975 339 1048 sumpsisse
360 974 432 1031 haeo
446 973 538 1032 verbe
558 991 593 1032 ex
606 974 741 1049 pleniore
755 974 917 1050 exemplari
932 973 1055 1033 soholio-

111 1075 166 1114 rum
183 1057 345 1130 Iuvenalis,
368 1057 450 1132 quali
471 1060 502 1116 et
523 1075 598 1116 seeo.
613 1057 669 1115 XV
688 1057 721 1116 in
743 1057 846 1116 eadem
864 1060 946 1116 terra
965 1056 1055 1116 Geor-

111 1141 178 1214 gium
196 1140 312 1199 Vallem
333 1159 420 1200 usum
441 1159 505 1200 esso
526 1141 651 1216 seimus3
672 1158 741 1199 nam
768 1139 880 1200 inillis
901 1139 939 1200 ad
959 1143 992 1216 8,
1016 1143 1055 1200 29

111 1224 207 1297 priores
221 1217 362 1300 quattuor
375 1244 478 1286 versus
499 1243 601 1284 eorum
622 1243 695 1302 quos
716 1226 802 1284 affert
821 1223 987 1285 Guilelmus
1008 1244 1056 1283 ex·

112 1309 164 1366 tant
180 1309 330 1384 hodieque.
361 1309 461 1386 Atque
481 1309 525 1368 ibi
545 1305 624 1368 oert'e
646 1309 725 1384 quod
745 1307 896 1386 praeeedit
910 1309 1057 1370 distichon

112 1391 225 1451 additum
247 1393 337 1452 fuisse
359 1393 395 1451 ab
419 1392 576 1455 scholiasta
596 1411 651 1453 neo
665 1394 723 1453 nisi
737 1394 928 1454 librariorum
942 1394 1057 1456 incuria

113 1477 241 1540 omissum
252 1479 366 1537 'elamat
385 1495 433 1536 res
454 1477 527 1552 ipsa.
557 1476 662 1538 Potuit
680 1480 781 1538 amen
801 1479 891 1540 etiam
906 1477 1055 1538 Guilelmo

112 1560 141 1616 ad
158 1581 270 1620 manum
290 1579 354 1622 esse
376 1559 494 1636 plenior
512 1561 643 1637 vulgatis
663 1561 740 1622 liber
755 1563 861 1636 Servii,
883 1563 934 1637 qui
949 1562 987 1621 ad
1000 1563 1055 1621 eol.

113 1643 135 1714 5,
148 1645 180 1702 21
194 1631 315 1718 abarae
327 1663 405 1720 paor
419 1650 595 1705 monstrator
609 1647 704 1706 aratri
718 1645 876 1721 adscripsit
888 1645 974 1706 haee:
992 1646 1056 1706 ‘alii

113 1725 311 1802 Triptolemum
331 1729 383 1786 alii
399 1725 510 1788 Osirim
524 1730 645 1803 volunt,
667 1730 747 1804 quod
768 1731 864 1805 magis
878 1747 983 1789 verum
1000 1733 1054 1802 est,

115 1814 141 1868 ut
153 1811 216 1872 dieit
229 1813 404 1888 Propertius
418 1813 468 1872 vel
483 1812 643 1873 Tibullus'.
663 1813 784 1872 Etenim
798 1814 867 1888 post
880 1812 952 1871 haee
965 1814 1057 1872 verba

114 1898 281 1968 grammatici
295 1897 438 1957 excidisse
449 1897 593 1972 quaedam
608 1894 682 1956 mihi
697 1893 816 1972 quidem
830 1896 949 1955 videtur
964 1913 1057 1971 paene

114 1983 217 2040 certam.

163 2114 259 2192 ltaque
280 2135 348 2176 oum
368 2133 422 2174 neo
442 2116 599 2175 Petraroae
624 2118 759 2192 tempore
779 2117 998 2190 testimonium,
1020 2116 1057 2175 de

113 2213 161 2268 quo
175 2203 299 2273 constet,
322 2203 368 2259 sat
381 2199 501 2258 firmum
521 2201 686 2276 recuperati
705 2201 812 2262 oodiois
829 2201 992 2262 Tibulliani
1012 2220 1057 2260 re·

113 2281 234 2357 periatur,
250 2289 280 2344 et
294 2284 392 2360 prima
407 2284 584 2360 apographa,
605 2299 680 2360 quae
694 2285 897 2359 innotuerunt,
913 2303 974 2344 non
989 2289 1058 2344 ante

114 2381 206 2426 aarum
222 2369 302 2428 1423
318 2369 368 2428 vel
385 2367 465 2426 1425
487 2369 596 2443 scripta
615 2387 680 2428 esse
694 2373 863 2444 noscantur,
879 2387 1058 2444 quamquam

114 2446 239 2524 flagrante
259 2456 326 2512 tum
346 2451 489 2527 temporis
504 2453 599 2512 multo
615 2453 719 2529 magis,
736 2472 824 2528 quam
840 2471 906 2512 oum
923 2451 1058 2512 Catullus

114 2539 228 2606 repertus
244 2540 298 2609 est,
315 2537 415 2595 studio
430 2537 593 2610 literarum,
609 2555 671 2596 non
685 2537 774 2597 nimis
790 2537 935 2597 aberraris
951 2557 968 2596 a
981 2539 1057 2598 veri-

114 2617 162 2675 tats
181 2621 333 2680 statuendo
355 2619 432 2678 eirea
453 2639 478 2678 a.
498 2621 580 2680 1400
595 2624 714 2680 erutum
728 2641 792 2682 esse
806 2621 883 2680 illud
898 2622 1057 2695 exemplar.

113 2695 181 2760 Idem
200 2708 229 2763 et
242 2704 426 2764 Lachmanni
445 2703 596 2763 iudicium.
626 2701 685 2765 Sed
706 2707 733 2766 ei
754 2706 864 2764 mirum
885 2706 917 2763 in
936 2705 1059 2764 modum

113 2781 193 2846 illusit
205 2790 388 2848 saeculorum
399 2789 522 2863 iniuria3
535 2809 605 2847 nam
617 2791 648 2848 et
657 2791 749 2849 uerba
761 2790 879 2866 singula
888 2808 973 2865 saepe
985 2790 1058 2848 adeo

114 2865 183 2928 fuere
203 2874 340 2945 obseura,
363 2874 399 2930 ut
418 2891 453 2930 ex
475 2875 560 2949 parte
581 2873 687 2932 saltem
708 2893 768 2934 non
783 2875 906 2950 possent
919 2874 989 2950 legi,
1004 2893 1059 2932 neo

114 2951 195 3015 minas
214 2975 356 3016 versuum
376 2956 490 3032 aliquot
509 2957 593 3016 fuere
613 2958 743 3030 laeunee,
765 2959 797 3016 in
812 2976 870 3032 qua
883 2976 916 3015 re
931 2957 1059 3014 maxime

114 3038 236 3114 notabile,
253 3041 332 3116 quod
347 3039 410 3098 fere
425 3043 495 3100 sunt
504 3040 602 3100 hausti
613 3042 786 3113 hexametri,
799 3044 834 3098 ut
844 3041 985 3114 appareat
999 3058 1060 3099 non

115 3116 190 3180 fuisse
203 3125 340 3184 reductos
355 3125 567 3200 pentametros.
599 3125 675 3185 Sane
689 3143 754 3184 mos
770 3142 819 3182 eos
834 3123 993 3182 reducendi
1007 3143 1058 3199 po-

116 3203 221 3298 steriore
246 3208 339 3267 medii
363 3209 428 3268 aevi
459 3211 593 3284 tempore
619 3209 715 3284 magis
740 3207 946 3282 frequentatus
971 3227 1060 3284 quam

115 3301 206 3356 pnore.

167 3405 294 3485 Denique
309 3409 342 3469 iu
362 3409 466 3468 eodem
481 3363 656 3487 apographo¹
673 3409 750 3466 liber
764 3411 902 3484 quartus,
924 3429 990 3470 oum
1010 3409 1061 3468 via

118 3481 190 3549 dubie
203 3493 233 3552 iu
248 3493 409 3570 archetypo
425 3493 531 3554 fuisset
545 3493 695 3572 seiunctus
708 3495 894 3569 aprioribus,
905 3495 988 3553 nullo
1004 3491 1061 3549 fuit
