2666 4138
97 225 159 294 ru]
497 219 605 274 crana
625 219 661 276 11.
817 225 820 235 ’
1022 210 1063 275 27

96 385 169 450 Nec
190 383 265 464 tibi,
288 401 485 466 gemmarum
510 379 662 463 quidquid
683 379 829 444 felicibus
850 379 939 444 Indis
1033 388 1064 440 1⁵

141 466 310 547 Nascitur,
332 463 393 530 Eoi
415 485 478 548 qua
498 465 595 528 maris
615 463 702 528 unda
721 464 823 528 rubet.

97 551 186 616 Vota
209 549 336 614 cadunt.
366 547 462 612 viden
482 551 519 612 ut
540 549 781 631 strepitantibus
803 547 930 612 advolet
951 545 1008 610 alis

142 633 304 716 Flavaque
327 632 477 717 coniugio
499 632 624 696 vincula
645 633 890 716 portetAmor,

98 719 248 800 Vincula,
260 735 341 800 quae
355 718 506 780 maneant
520 737 653 799 semper,
669 716 744 780 dum
758 715 849 780 tarda
864 717 1009 780 senectus

143 802 281 866 Inducat
301 821 397 884 rugas
419 799 601 883 inficiatque
623 821 739 864 comas.
1032 809 1066 858 20

1 887 2 894 '
98 887 173 952 Hae
194 886 302 950 veniat
322 883 438 948 natalis
460 883 511 946 avi
532 883 717 967 prolemque
739 884 912 968 ministret,

144 969 249 1034 Ludat
270 971 303 1032 et
324 971 398 1032 ante
420 971 492 1032 tuos
514 968 607 1030 turba
627 967 755 1032 novella
775 968 882 1052 pedes.

510 1097 663 1107 *na-u·—

550 1179 614 1254 III.

99 1307 193 1373 Rura
213 1325 333 1386 meam,
355 1299 511 1383 Oornute,
532 1304 644 1366 tenent
665 1305 821 1389 villaeque
842 1304 997 1388 puellam:

147 1389 281 1454 Ferreus
304 1389 368 1468 est,
391 1384 551 1470 heuheu,
574 1387 715 1472 quisquis
737 1391 772 1453 in
793 1388 870 1454 urbe
892 1389 1008 1452 manet.

100 1475 181 1559 Ipsa
201 1471 311 1536 Venus
333 1471 434 1534 laetos
455 1470 518 1534 iam
540 1491 627 1536 nunc
647 1473 799 1570 migravit
819 1474 854 1536 in
876 1492 984 1557 agros,

147 1556 317 1639 Verbaque
339 1553 472 1618 aratoris
494 1555 614 1622 rustica
634 1557 729 1622 disc1t
748 1558 858 1622 Amor.

102 1643 133 1710 0
147 1662 224 1790 ppo,
241 1661 313 1704 cum
328 1639 502 1723 aspicerem
517 1639 692 1725 dominam,
714 1663 809 1725 quam
822 1641 950 1705 fortiter
964 1639 1031 1702 illic
1052 1649 1068 1698 5

180 1745 318 1789 arsurem
339 1721 444 1786 valido
466 1722 585 1808 pingue
606 1725 735 1790 bidente
757 1726 861 1790 solum

103 1813 136 1877 A
162 1809 342 1892 riculaeque
363 1805 458 1870 modo
482 1827 612 1872 currum
634 1813 772 1875 sectarer
793 1811 947 1890 aratrum,

180 1915 235 1956 um
257 1892 409 1975 subigunt
430 1892 553 1956 steriles
575 1915 651 1956 arva
672 1892 805 1958 serenda
825 1891 936 1956 boves!

105 1977 178 2044 Nec
201 1996 364 2061 quererer,
387 1973 471 2058 quod
493 1975 540 2040 sol
563 1977 697 2061 graciles
720 1979 864 2042 exureret
885 1977 985 2058 artus,

149 2061 305 2126 Laederet
326 2063 359 2123 et
379 2061 506 2125 teneras
527 2062 659 2144 pussula
679 2065 773 2147 rupta
792 2081 916 2126 manus.
1039 2069 1072 2118 10

104 2146 201 2212 Parit
222 2148 256 2209 et
276 2143 406 2208 Admeti
427 2146 536 2208 tauros
557 2145 717 2212 formosus
738 2146 872 2231 Apollo,

150 2229 221 2296 Nec
242 2227 363 2294 cithara
383 2227 530 2293 intonsae
551 2231 778 2314 profueruntue
801 2252 924 2313 comae,

106 2315 177 2382 Nec
198 2312 306 2398 potuit
328 2332 418 2376 curas
441 2331 553 2396 sanare
573 2316 754 2380 salubribus
775 2314 898 2380 herbis:

101 2426 104 2430 ·
151 2395 312 2480 Quidquid
335 2399 403 2460 erat
423 2396 563 2462 medicae
584 2399 703 2466 vicerat
724 2400 802 2464 artis
821 2419 919 2466 amer.

109 2483 184 2566 Ipse
206 2481 284 2546 deus
306 2479 418 2544 subtus
441 2482 574 2546 stabulis
596 2485 753 2568 expellere
775 2503 889 2549 vaccas

108 2650 154 2716 Et
174 2650 309 2714 miscere
330 2669 414 2712 novo
437 2647 582 2772 dpcuisse
605 2653 738 2776 coagupa
760 2653 856 2736 lacte,

156 2817 302 2906 [Lacteus
325 2820 358 2882 et
377 2817 495 2914 mixtus
518 2785 695 2907 obriguisse
716 2819 845 2917 liquor]

109 2903 195 2968 Tum
215 2901 336 2966 fiscella
357 2901 420 2966 leur
442 2903 600 2970 detextast
621 2906 738 2972 vimine
760 2907 862 2988 iuna,
1044 2912 1076 2961 15

4 3051 5 3078 q
153 2985 299 3070 Raraque
319 3007 378 3071 per
398 3007 498 3054 nexus
520 2991 569 3053 est
589 2990 641 3054 ria
661 2990 749 3055 facta
769 3009 850 3054 sero.

4 3108 9 3196 l
110 3070 794 3224 emundaturus
815 3091 909 3156 nu

5 3201 6 3210 i
109 3238 141 3304 Ο
155 3239 311 3386 lquotiens
333 3261 443 3339 ausae,
467 3247 596 3339 caneret
617 3243 693 3306 dum
714 3207 797 3305 valle
820 3238 878 3302 sub
901 3237 981 3321 alta,

186 3343 316 3470 umpere
337 3327 472 3424 mugitu·
485 3347 625 3424 carmina
648 3326 742 3390 docta
763 3324 875 3388 boves!
1044 3329 1079 3380 20

6 3445 7 3510 ³
109 3407 499 3580 decurrente
512 3407 911 3560 demutat?
