2632 4140
279 172 320 240 58
454 224 457 233 ,
649 180 842 236 PROPERTH
1135 180 1237 252 [XXX.

332 344 387 410 Sin
411 347 517 408 autem
538 343 637 428 longo
658 363 720 406 nox
744 364 809 406 una
830 343 885 406 aut
905 342 1006 406 altera
1027 342 1099 406 lusu

282 441 316 490 ao
373 427 616 512 Ocnsurnptast,
637 447 705 492 non
725 447 777 490 me
798 426 934 490 crimina
953 445 1053 510 parva
1074 430 1220 490 movent
1295 459 1296 486 1

332 511 488 598 Tyndaris
510 513 641 575 externo
662 511 799 594 patriam
820 510 956 575 mutavit
976 531 1083 574 amore

374 596 419 660 Et
440 596 509 660 sine
531 595 660 660 decreto
681 595 754 659 viva
774 594 906 660 reducta
927 593 1097 658 domumst.

331 679 407 764 Ipsa
427 679 551 762 Venus,
575 678 719 762 quamvis
741 681 890 762 corrupta
910 677 1043 742 libidine
1063 677 1200 762 Martis,
1296 759 1297 762 Ἴ

374 763 443 829 Nec
464 763 571 826 minus
592 763 628 828 iu
650 762 737 828 caelo
760 783 885 845 semper
906 761 1042 826 honesta
1061 761 1137 845 fuit,

284 862 317 910 cc
333 847 484 924 Quamvis
506 845 564 912 Ida
584 846 690 930 palam
712 848 874 930 pastorem
896 845 982 910 dicat
1002 867 1124 910 amasse
1297 890 1298 964 p

373 932 479 1015 Atque
500 931 584 994 inter
605 930 741 1015 pecudes
763 929 948 995 accubuisse
969 929 1070 994 deam.
1297 971 1298 982 1

332 1013 405 1080 Hoc
426 1018 459 1079 et
479 1013 739 1097 Hamadryadum
761 1013 919 1098 spectavit
938 1014 1032 1078 turba
1053 1034 1204 1079 sororum

375 1098 476 1164 Sileni
497 1119 538 1164 ue
560 1119 651 1162 senes
673 1101 706 1162 et
725 1100 816 1182 pater
836 1098 905 1182 ipsc
927 1097 1034 1181 chori,

333 1182 414 1248 Oum
435 1183 489 1267 qui
512 1203 549 1246 us
570 1181 667 1246 Idaeo
688 1181 796 1266 legisti
816 1203 914 1266 poma
934 1181 993 1246 sub
1015 1183 1122 1264 antro,
1298 1184 1299 1258 l

284 1281 318 1330 40
375 1266 547 1364 supposita
568 1265 730 1349 excipiens
751 1263 854 1332 Naica
875 1264 960 1330 dona
980 1287 1087 1330 manu.

332 1352 387 1416 An
422 1371 568 1434 ursquam
582 1349 618 1414 in
638 1352 728 1414 tanto
750 1352 933 1434 stuprorum
948 1350 1091 1414 examine
1106 1351 1235 1434 quaerit

395 1371 459 1499 gur
472 1433 552 1498 haec
566 1437 633 1496 tam
648 1433 758 1498 dives?
782 1433 852 1518 quis
873 1433 980 1499 dedit?
1002 1433 1087 1498 unde
1101 1433 1232 1499 dedica’
1299 1478 1300 1516 p

333 1517 360 1583 Ο
382 1518 517 1582 nimium
538 1520 649 1582 nostro
671 1517 797 1582 felicem
817 1521 960 1602 tempore
982 1517 1133 1601 Romam,
1299 1517 1300 1610 l

375 1601 409 1668 si
431 1605 544 1666 contra
564 1622 670 1666 mores
691 1623 756 1665 una
776 1603 884 1686 puella
904 1602 996 1666 facit!
1299 1613 1300 1624 ¹

282 1699 316 1749 45
330 1686 420 1752 Haec
441 1685 552 1751 eadem
574 1688 648 1750 aute
669 1685 759 1750 illam
779 1687 901 1770 inpune
928 1689 960 1750 ct
980 1679 1095 1751 Lesbia
1115 1686 1210 1753 fecit:

375 1771 463 1847 Quae
485 1771 641 1854 sequitur,
664 1772 780 1834 certast
800 1769 958 1836 invidiosa
978 1771 1094 1834 minus.
1300 1769 1301 1844 l

333 1854 394 1931 Qui
417 1855 540 1939 quaerit
560 1853 667 1919 Latias
689 1857 812 1918 veteres
834 1853 989 1938 durasque
1011 1853 1161 1938 Sabinas,
1300 1855 1301 1866 ’

374 1938 437 2004 Hic
456 1939 566 2023 posuit
586 1941 696 2002 nostra
716 1959 818 2022 nuper
839 1938 874 2002 in
895 1939 973 2003 urbe
993 1938 1116 2022 pedem.

332 2023 381 2088 lu
424 2023 490 2087 rius
513 2025 545 2086 et
565 2021 679 2086 fluctus
701 2023 820 2106 poteris
842 2023 960 2088 siccare
980 2023 1123 2088 marinos

282 2121 317 2170 00
372 2045 512 2190 Altaque
533 2106 662 2170 mortali
683 2105 825 2189 deripere
847 2109 934 2204 astra
954 2127 1067 2190 manu,

333 2185 435 2266 Quam
456 2191 576 2271 facere,
598 2192 635 2252 ut
654 2192 783 2254 nostrae
803 2191 911 2255 nolunt
935 2211 1066 2274 peccare
1087 2191 1230 2276 puellae:
1301 2203 1302 2208 ’

373 2273 436 2340 Hic
457 2295 527 2338 mos
549 2272 685 2338 Saturno
706 2294 807 2358 regna
827 2277 957 2340 tenente
978 2275 1048 2341 fuit.

331 2358 377 2422 At
399 2379 470 2424 cum
492 2357 698 2423 Deucalionis
720 2378 820 2441 aquae
841 2359 959 2424 fluxere
980 2359 1188 2444 petenham,

374 2441 418 2506 Et
439 2445 514 2526 post
535 2441 657 2526 antiqui
679 2439 885 2507 Deucalionis
907 2465 1019 2528 aquas,

282 2539 315 2590 00
330 2525 392 2591 Dic
413 2527 493 2590 mihi
530 2527 600 2611 quis
621 2526 727 2610 potuit
748 2527 865 2591 lectum
888 2549 1011 2594 servare
1054 2526 1203 2612 udicum,

374 2610 461 2686 Quae
483 2575 542 2674 (lea
563 2632 635 2674 cum
657 2609 726 2674 solo
748 2611 854 2675 vivere
876 2612 944 2676 sola
966 2549 1054 2676 deol

331 2693 471 2759 onrem
493 2693 652 2790 quondam
674 2695 785 2791 magni
805 2694 940 2780 Minois,
961 2698 998 2759 ut
1019 2695 1124 2779 aiunt,

374 2777 525 2862 Ocnuprt
544 2779 629 2842 torvi
651 2777 784 2842 candida
804 2779 910 2844 forma
933 2781 1032 2845 bovis.

330 2861 400 2927 Neo
421 2861 527 2926 minus
549 2865 656 2927 aerato
678 2860 788 2927 Danae
811 2864 1003 2930 circumdata
1023 2885 1116 2928 muro

282 2961 316 3009 so
371 2945 449 3012 Non
469 2947 576 3032 potuit
596 2965 714 3031 magno
737 2950 825 3012 casta
845 2969 963 3035 negare
984 2947 1064 3013 Iovi.

331 3030 423 3108 Quod
445 3031 530 3096 situ
551 3031 664 3096 Graias
686 3051 861 3116 aequasque
882 3033 1009 3098 imitata
1029 3031 1180 3117 Latinas,

373 3115 505 3200 Semper
526 3115 596 3182 vive
617 3135 689 3180 meo
711 3115 812 3180 libera
833 3117 960 3184 iudicio.

575 3215 916 3350 nauffinna.

330 3367 449 3432 Tristia
470 3368 535 3434 iam
555 3369 690 3435 redeunt
710 3371 826 3436 iterum
847 3371 1014 3449 sollemnia
1034 3370 1149 3437 nobis:

373 3449 513 3534 Cynthia
533 3453 597 3518 iam
617 3457 728 3520 noctes
751 3459 799 3521 ast
820 3459 951 3542 operata
973 3455 1092 3520 decem.
