2598 4136
417 244 630 302 Perusino.
669 219 671 224 ’
968 257 1005 307 11
1061 203 1066 212 ’

62 407 132 466 Idem
150 410 226 486 quod
246 409 319 470 dicit
338 410 432 470 videri
451 431 538 490 posse
558 413 664 473 Trono.
690 412 798 474 Puooio
823 414 860 474 ad
885 433 1007 474 monum

64 493 137 552 fuisse
155 495 357 554 membranam
378 497 487 556 nostris
508 499 717 572 vetustiorem,
740 517 861 574 prorsus
881 499 1005 558 fallitur.

65 575 135 636 carte
153 597 211 638 non
229 579 289 638 fuit
309 579 421 638 maiore
440 581 629 656 integritate,
651 602 739 658 quam
759 583 899 658 reliquae.
928 584 1006 642 Nam

65 661 186 736 quidquid
207 663 370 722 lectionum
391 663 479 723 affert
492 664 617 726 Puccius
637 685 672 725 ex
693 686 745 727 suo
761 667 868 742 codice,
890 686 925 726 ea
939 687 1005 744 per·

66 744 294 824 ininterpolata
308 765 373 821 esse
388 752 512 824 apparet
525 750 562 808 ab
573 750 650 810 Italo
665 753 764 811 nescio
779 771 838 827 quo
853 769 927 812 saec.
939 751 1004 824 XV,

65 830 154 902 partim
168 835 286 908 sumpta
300 831 337 890 de
352 834 498 908 excerptis
519 835 630 894 talibus
645 835 744 911 qualis
757 836 840 894 fuere
855 835 1006 896 Vincentii

66 915 88 970 ct
100 913 230 990 Scoligeri
248 913 337 992 (quae
351 915 472 990 quidem
487 919 687 993 grammaticis
702 919 823 978 illorum
837 923 1006 996 temporum

17 1027 18 1054 1
65 995 204 1058 innotuisse
220 1001 312 1059 etiam
327 1000 446 1059 aliunde
462 1003 592 1060 constat:
614 1022 683 1062 num
698 1006 729 1062 et
742 1003 832 1062 ABO
848 1004 1005 1078 aliquando

17 1123 18 1142 2
65 1082 137 1140 exeis
150 1087 263 1142 traxere
279 1075 402 1161 labem).
432 1084 472 1144 lit
486 1085 522 1145 ds
537 1085 644 1146 horum
659 1086 779 1162 quidem
792 1086 850 1144 fide
864 1087 923 1144 iam
939 1105 1006 1145 curn

17 1237 18 1240 Ἴ
65 1167 296 1227 scandendum.

112 1301 222 1361 Etenim
243 1322 312 1362 cum
332 1305 394 1362 tam
408 1303 518 1362 novicii
534 1304 594 1362 sint
609 1305 728 1382 tamque
744 1306 876 1382 corrupti
891 1306 1005 1366 codices

66 1381 156 1444 Tibulli
173 1387 322 1447 librorum
342 1391 461 1446 tantum
479 1405 540 1446 non
555 1407 666 1471 omnes,
688 1390 859 1464 extiterunt,
880 1391 932 1466 qui
946 1394 1004 1450 sta-

65 1469 173 1544 tuereut,
194 1489 283 1548 saepe
305 1472 451 1547 excerptis
471 1472 513 1530 eis
534 1491 608 1548 quae
628 1472 661 1532 in
676 1472 772 1534 Gallia
793 1475 830 1533 ab
846 1493 919 1534 saec.
934 1473 1004 1534 inde

64 1548 135 1610 Vllll
147 1556 233 1614 uelX
250 1555 386 1631 prodiere
406 1556 536 1614 multum
555 1575 609 1616 nos
629 1576 716 1632 posse
737 1558 832 1618 iuvari
854 1557 891 1616 ad
906 1577 1018 1619 eman-u

64 1633 140 1696 danda
158 1643 263 1714 poetae
277 1640 365 1700 huius
381 1640 520 1698 carmina.
552 1639 611 1699 Sed
625 1641 652 1698 ei
668 1643 823 1718 egregium
837 1641 869 1700 in
883 1643 1006 1701 modum

17 1737 18 1740 ¹
64 1718 128 1779 ture
141 1723 213 1782 falsi.
247 1723 326 1782 Num
340 1723 372 1782 in
387 1726 525 1798 excerpta
539 1725 628 1800 longe
647 1725 778 1784 foediore
793 1726 1006 1785 monachorum

64 1805 135 1862 medii
153 1809 214 1868 aevi
235 1807 383 1868 saevitum
408 1807 532 1866 libidine
562 1827 652 1883 quem
677 1827 819 1884 umquam
843 1809 875 1867 in
900 1810 1004 1884 plenos

64 1886 155 1948 Tibulli
173 1893 267 1950 libros
292 1910 309 1949 a
323 1891 524 1967 grammaticis
541 1893 651 1950 saeculi
665 1891 730 1966 XV,
746 1891 886 1966 quoniam
900 1893 931 1950 hi
945 1911 1006 1951 non

17 2001 18 2024 a
61 1971 107 2029 uisi
123 1980 271 2052 corrupta,
292 1975 338 2033 illi
360 1975 554 2052 integerrima
568 1994 701 2052 quaeque
715 1978 899 2051 temptavere
914 1976 1005 2035 inter·

17 2055 18 2094 l
62 2057 176 2127 polaudo.
218 2059 222 2066 ’

110 2175 238 2236 Primum
254 2176 348 2249 enim,
364 2180 400 2236 ut
413 2179 575 2238 sententias
591 2195 762 2238 communes
778 2181 809 2237 et
823 2177 861 2236 ad
875 2177 1004 2238 forman-

60 2255 102 2317 dos
114 2279 205 2321 mores
222 2263 308 2336 aptas
322 2279 418 2336 neque
430 2261 622 2322 abhorrentes
638 2283 654 2320 a
669 2262 829 2322 christiano
844 2263 928 2322 cultu
942 2262 1004 2320 effi-

61 2347 151 2418 cerent,
167 2347 270 2422 quales
285 2345 453 2404 rarissimae
470 2349 540 2406 sunt
555 2346 633 2422 apud
647 2347 781 2420 Albium,
797 2349 897 2405 tamen
912 2347 946 2405 ut
961 2365 1005 2406 es-

61 2429 102 2500 set,
116 2431 190 2504 quod
201 2433 337 2505 ipsorum
350 2428 504 2488 desideriis
520 2431 712 2503 satisfaceret,
728 2431 912 2506 ineptissime
927 2432 1004 2506 pari-

60 2511 96 2567 ter
108 2516 189 2589 utque
202 2513 396 2572 audacissime
407 2514 548 2589 pleraque
560 2513 622 2574 eius
634 2515 794 2574 verborum
806 2509 1004 2575 detorserunt.

59 2593 180 2658 Accessit
187 2598 304 2675 puerile
318 2597 453 2657 variandi
464 2599 607 2658 vocabula
621 2599 832 2675 studiumque
848 2603 1004 2673 occupatos

60 2676 133 2740 luisse
146 2683 306 2742 monachos
325 2682 399 2742 istos
421 2683 551 2741 clamant
564 2684 664 2742 omnia
679 2685 797 2758 scripta,
812 2685 960 2758 quotquot
973 2682 1006 2740 in

59 2762 149 2826 scholis
169 2767 261 2826 medii
283 2766 348 2826 aevi
367 2767 428 2842 legi
450 2769 520 2826 sunt
535 2768 631 2826 solita.
661 2767 797 2842 Denique
813 2766 926 2825 Tibulli
939 2783 1005 2824 ver-

17 2925 18 2928 Ἴ
59 2863 173 2910 ruscum
188 2869 258 2911 sane
274 2853 374 2910 essent
388 2851 548 2926 eleganter,
558 2851 668 2930 minus
683 2853 787 2925 tamen,
797 2851 871 2910 tersi
886 2848 1004 2910 Ouidia-

58 2930 102 3006 uis,
121 2937 169 3010 qui
189 2953 261 3011 pree
282 2935 387 2994 ceteris
407 2936 565 3010 placebant
584 2953 637 2994 suo
658 2935 779 3010 quidem
799 2936 863 2992 iuro
883 2935 1006 2992 illorum

58 3016 210 3092 temporum
231 3020 341 3094 doctis,
363 3037 449 3095 saepe
464 3037 538 3095 quae
562 3018 681 3078 duriora
694 3020 766 3094 ipsis
780 3019 954 3078 riderentur
968 3015 1006 3072 ad

57 3097 168 3162 Nasonis
189 3105 331 3162 inflexere
353 3122 503 3177 normam,
526 3106 561 3162 ut
579 3107 664 3180 puta,
687 3106 823 3178 supererit
845 3102 1007 3173 praecocia

52 3189 133 3254 scotis
159 3207 215 3264 pro
242 3191 337 3262 pcatr's
364 3193 505 3262 superaret
533 3189 587 3246 libo·
615 3189 728 3255 laudes,
757 3185 807 3244 vel
826 3185 939 3242 crecere
957 3185 1007 3242 scd

51 3271 149 3336 accos
166 3274 282 3347 peeoris
301 3273 449 3332 contendis
469 3273 591 3331 bonores
609 3289 664 3344 pro
684 3287 707 3328 s.
725 3287 753 3344 9.
769 3285 802 3340 p.
824 3285 846 3327 c.
862 3286 888 3326 o.
903 3267 942 3336 la,
957 3269 1008 3327 vel

54 3357 141 3416 oreore
154 3362 233 3416 stare
248 3357 327 3415 bools
343 3353 410 3433 (hoc
424 3356 544 3432 quidem
560 3371 697 3414 sermone
711 3351 835 3410 ridiculo
851 3354 882 3410 et
895 3352 1008 3425 violata

55 3439 197 3506 positionis
211 3437 293 3517 lege)
309 3457 362 3514 pre
377 3445 454 3500 storo
475 3441 557 3500 bocca
571 3440 672 3510 capite.
703 3436 847 3496 Similiter
860 3437 1008 3497 saevitum

54 3519 111 3598 iul,
129 3528 156 3600 1,
174 3526 224 3585 50.
242 3525 271 3597 5,
289 3525 337 3582 62.
358 3524 398 3597 II,
416 3527 445 3598 3,
461 3525 511 3584 40.
528 3526 557 3599 6,
574 3523 624 3584 20.
