2628 4116
155 301 158 305 ·
274 273 298 337 4
684 271 836 328 cervom

357 437 465 503 Valles
489 436 607 519 dicere,
628 455 688 501 neo
710 437 813 499 tacere
835 454 955 518 posses.

357 521 477 586 Verum
499 519 685 603 nescioquid
706 518 890 582 febriculosi

287 619 303 668 o
358 605 461 670 Soorii
484 605 606 690 diligis:
628 603 690 667 hoo
711 602 810 686 pudei
830 601 934 666 falari.

356 689 442 755 Nam
462 691 494 754 ie
515 709 582 752 non
603 687 713 752 viduas
735 687 837 751 iacere
858 689 969 750 noctes
1049 727 1053 732 .

356 773 559 858 Nequiquam
579 771 713 854 1331111111
736 771 839 834 cubile
862 770 978 834 clamat

357 857 456 922 Sertis
479 878 516 921 ac
539 856 630 939 Syrio
652 855 799 939 fragrans
821 854 920 935 olivo,

357 941 571 1024 Pulvinusque
592 960 748 1023 peraeque
771 941 803 1002 ei
823 937 876 1002 hio
897 941 930 1001 ei
950 937 1006 1002 illo

275 1038 307 1087 10
355 1026 511 1107 Atiniae,
533 1023 723 1106 tremulique
746 1043 861 1105 quassa
882 1022 958 1086 leoti

356 1109 528 1194 Arguialio
550 1106 829 1189 inambulaiioque.

356 1193 442 1258 Nam
463 1193 511 1256 nil
532 1193 643 1275 stupra
663 1190 762 1272 valet,
784 1189 879 1272 nihil,
901 1193 1012 1254 iacere.

357 1276 443 1342 Cur?
466 1297 532 1340 non
552 1279 619 1339 iam
640 1275 740 1338 latera
763 1274 903 1355 eofrriula
923 1274 1059 1358 pardae,

356 1359 420 1424 Nei
440 1363 477 1422 lu
498 1359 573 1442 quid
594 1357 693 1422 facias
715 1357 914 1440 ineptiarum.

275 1459 305 1506 15
356 1443 462 1522 Quare
483 1442 635 1526 quidquid
655 1441 753 1505 habes
776 1441 853 1505 boni
873 1443 1025 1525 malique,

356 1525 418 1591 Dio
439 1526 543 1590 nobis.
568 1527 649 1590 ¹uolo
670 1529 703 1590 te
725 1547 762 1592 ao
783 1527 854 1589 tuos
877 1547 1000 1590 amores
1122 1535 1123 1542 ’

356 1610 409 1674 Ad
431 1610 552 1675 eaelum
574 1610 679 1694 lepido
702 1631 815 1674 vocare
837 1631 938 1674 versu,

356 1949 502 2032 Quaeris,
526 1951 604 2032 quoi
624 1946 705 2012 mihi
726 1947 918 2011 basiationes
1027 2025 1031 2031 Ι

356 2033 456 2114 Tuae,
478 2031 605 2114 Lesbia,
628 2033 693 2100 sini
715 2031 792 2094 salis
814 2051 977 2114 superque.

356 2115 459 2190 Quam
480 2136 616 2199 magnus
637 2135 787 2177 numerus
808 2113 959 2196 Libyssae
979 2134 1095 2178 arenae

356 2198 595 2282 Laserpioiferis
617 2197 699 2260 iacet
720 2195 868 2280 Cyrenis,

286 2296 302 2344 o
323 2316 343 2377 ἰ,
356 2283 504 2347 0133111111
525 2280 611 2344 lovis
635 2281 720 2345 inter
741 2281 879 2346 aestuosi

191 2395 194 2402 ·
321 2365 399 2456 plat
420 2365 508 2428 Balbi
529 2364 645 2428 veleris
667 2385 792 2428 sacrum
814 2366 1007 2448 sepulerum,

315 2431 422 2568 qffAui
443 2469 538 2532 quam
561 2447 664 2512 sidera
684 2449 800 2532 mulla,
826 2471 898 2514 oum
919 2454 1004 2514 taoei
1024 2469 1107 2533 nox,

356 2533 502 2596 Furtivus
524 2531 690 2598 hominum
711 2533 822 2598 11113111
843 2555 981 2617 amores,

355 2615 434 2680 'lam
455 2619 487 2678 te
509 2616 597 2680 basia
618 2617 718 2682 mulla
738 2617 862 2682 basiare

271 2715 304 2761 10
352 2700 478 2764 Vesano
501 2701 578 2764 salis
601 2705 633 2764 ei
654 2707 748 2786 super
771 2700 944 2785 Catullost,

354 2782 441 2858 Quae
463 2805 522 2848 neo
543 2806 765 2868 pernumerare
787 2787 903 2851 curiosi

353 2867 483 2932 Possint
503 2889 563 2932 neo
584 2871 668 2934 111313
688 2869 843 2934 fascinare
865 2870 983 2955 lingua.

672 2999 824 3008 -ι--η

697 3085 793 3156 Vlll.

352 3206 450 3270 Miser
473 3206 611 3290 Catulle,
635 3207 759 3273 desinas
781 3208 833 3272 ine
856 3208 931 3291 rire,

351 3290 395 3354 Et
416 3290 501 3373 quod
522 3292 610 3356 vides
631 3293 751 3375 perisse
772 3229 931 3376 perliium
953 3291 1058 3355 duoas.

351 3371 481 3437 Fulsere
504 3375 663 3456 quondam
686 3377 812 3441 candidi
833 3377 893 3440 tibi
914 3376 1014 3458 soles,

352 3457 432 3522 (lum
453 3459 631 3522 ventitabas
654 3481 716 3542 quo
737 3462 843 3544 puella
864 3461 999 3524 duoebal

280 3555 297 3602 5
350 3543 467 3605 Amata
488 3543 581 3606 nobis
604 3547 757 3626 quanlum
780 3545 936 3609 amabitur
956 3545 1053 3608 nulla.
