2628 4116
241 214 283 279 46
648 215 802 272 corvum
1084 219 1210 288 [2222.

324 380 343 446 Ι
366 402 400 446 22
421 382 527 445 autem
549 399 641 444 caeca
661 381 802 442 mentem
824 377 960 464 caligine
982 379 1124 446 Theseus

355 465 477 529 onsitus
498 464 598 528 oblito
621 461 742 527 dimisit
762 465 891 546 pectore
914 467 1043 547 cuncta,

327 549 414 626 Quae
435 548 585 614 mandata
605 547 693 631 prius
716 547 876 612 constanti
897 551 1005 612 mente
1025 549 1174 632 tenebat,

242 645 293 696 212
327 633 442 698 Dulcia
462 653 522 698 nec
542 634 664 696 maesto
686 631 857 696 sustollens
880 632 974 716 signa
997 634 1124 717 parenti

328 718 488 802 Sospitem
508 715 724 781 Erechtheum
746 735 780 779 se
794 715 935 780 ostendit
951 716 1052 780 visere
1066 721 1208 800 portum.

326 801 473 885 Namque
493 802 601 866 ferunt
622 799 714 883 olim,
737 801 843 864 castae
864 821 937 865 curn
958 801 1084 865 moenia
1105 801 1199 865 divae

327 885 538 970 Linquentem
559 887 694 970 gnatum
714 884 817 948 ventio
843 883 1048 948 concrederet
1068 885 1209 971 Aegeus,

327 969 419 1035 Talia
440 970 630 1053 conplexum
650 968 758 1034 iuveni
778 967 930 1032 mandata
951 967 1084 1034 dedisse.

244 1066 293 1117 212
330 1053 446 1120 ‘Gnate
467 1053 548 1118 mihi
568 1054 669 1138 longa
690 1052 858 1118 iocundior
878 1053 971 1118 unice
993 1053 1073 1137 vita,

245 1153 294 1200 217
328 1139 463 1204 Reddite
484 1139 520 1202 in
541 1140 682 1217 extrema
701 1157 805 1220 nuper
824 1137 905 1202 mihi
925 1137 989 1201 fine
1011 1139 1156 1202 senectae
1162 1153 1177 1220 ‚·

132 1235 135 1239 ·
244 1237 294 1285 212
329 1223 442 1304 Gnate,
458 1242 517 1307 ego
533 1242 627 1304 quem
641 1221 677 1284 in
690 1220 804 1285 dubios
820 1242 918 1306 cogor
932 1221 1090 1286 dimittere
1105 1243 1210 1304 casus,

328 1304 589 1389 Quandoquidem
603 1305 733 1369 fortrma
745 1327 818 1370 mea
838 1327 876 1370 ae
896 1308 952 1370 tua
972 1305 1094 1371 fervida
1107 1306 1210 1370 virtus

328 1391 435 1474 Eripit
455 1389 556 1453 invito
578 1387 657 1452 mihi
677 1392 724 1471 te,
747 1389 798 1454 cui
820 1389 973 1474 languida
992 1390 1136 1455 nondum

245 1489 296 1538 222
328 1475 466 1539 Lumina
489 1475 564 1537 runt
584 1472 676 1558 gnati
697 1493 770 1538 cara
791 1476 932 1538 saturata
951 1475 1068 1559 figura:

328 1559 405 1624 Non
427 1560 540 1642 egeto
561 1557 703 1641 gaudens
725 1557 858 1622 laetanti
878 1561 1007 1642 pectore
1028 1559 1172 1642 mittam,

329 1642 399 1708 Nec
419 1644 452 1706 te
473 1641 556 1706 ferre
578 1641 681 1706 sinam
703 1641 850 1706 fortunae
872 1643 965 1728 signa
986 1643 1157 1724 secundae,

330 1725 393 1792 Sed
414 1726 552 1810 primum
572 1726 689 1790 multas
711 1747 894 1809 expromam
913 1729 1021 1790 mente
1042 1725 1210 1812 querellas,

331 1810 490 1876 Canitiem
510 1813 596 1874 terra
617 1813 711 1894 atque
731 1810 838 1874 infimo
860 1810 988 1894 pulvere
1009 1811 1153 1894 foedans,

246 1908 296 1958 222
330 1893 409 1960 Inde
430 1895 549 1960 infecta
569 1915 651 1980 vago
674 1894 865 1978 suspendam
886 1895 985 1960 lintea
1005 1895 1105 1977 malo,

330 1978 469 2044 Nostros
490 1981 526 2042 ut
547 1979 651 2042 luctus
672 1981 862 2062 nostraeque
883 1977 1032 2044 incendia
1052 1979 1169 2043 mentis
1215 2002 1218 2006 ⁴

332 2061 490 2128 Oarbasus
512 2062 680 2126 obscurata
701 2062 793 2126 decet
813 2063 975 2148 ferrugine
996 2061 1126 2127 Hibera.

331 2145 423 2220 Quod
443 2146 503 2210 tibi
524 2146 553 2209 si
570 2146 677 2210 'sancti
698 2147 890 2212 concesserit
910 2147 1015 2212 incola
1035 2145 1137 2230 Itoni,

332 2230 420 2306 Quae
434 2231 579 2294 nostrum
592 2250 693 2314 genus
709 2252 745 2295 ac
756 2231 846 2296 sedes
857 2231 1025 2296 defendere
1035 2229 1210 2296 Erechthei

247 2327 298 2377 232
331 2303 471 2396 Adnuit,
492 2317 530 2378 ut
549 2314 633 2412 tauri
654 2316 999 2413 respergassanguine
1021 2313 1179 2412 dextram,

259 2435 261 2440 ·
331 2397 414 2461 Tum
434 2419 509 2462 vero
530 2397 627 2463 facrto
649 2401 685 2462 ut
704 2419 840 2463 memon
859 2399 920 2463 trbr
943 2399 1071 2464 condrta
1092 2399 1190 2462 corde

331 2481 420 2546 Haec
441 2482 473 2546 vi
497 2485 572 2546 eant
592 2482 757 2566 mandata,
779 2503 839 2548 nec
853 2483 919 2547 ulla
934 2483 1096 2547 oblitteret
1110 2485 1210 2567 aetas,

331 2564 378 2630 Vt
398 2565 459 2630 sim
493 2587 530 2630 ac
550 2569 679 2630 nostros
700 2567 840 2631 invisent
861 2567 982 2631 lumina
1003 2567 1117 2644 colles,

331 2648 504 2714 Funestam
525 2653 683 2714 antennae
705 2649 868 2734 deponant
890 2651 1030 2736 undique
1050 2653 1190 2736 vestem,

248 2745 298 2795 235
334 2733 538 2816 Candidaque
559 2733 671 2798 intorti
693 2734 864 2800 sustollant
883 2735 954 2799 vela
973 2735 1139 2817 rudentes,

247 2817 319 2878 acab
331 2817 451 2882 Lucida
472 2839 535 2900 qua
555 2817 724 2900 splendent
746 2819 862 2884 summi
884 2817 1045 2884 carchesia
1066 2819 1159 2902 mali,

332 2901 435 2976 Quam
456 2901 595 2986 primum
616 2922 748 2967 cernens
769 2907 806 2967 ut
826 2904 910 2967 laeta
930 2903 1046 2988 gaudia
1066 2907 1175 2966 mente

331 2985 525 3070 Agnoscam,
538 3006 610 3050 cum
623 2988 657 3050 te
670 2985 818 3052 reducem
832 2990 919 3052 aetas
930 3007 1084 3071 prospera
1095 2986 1210 3050 sistet)

331 3067 421 3134 Haec
441 3069 591 3133 mandata
611 3070 699 3154 prius
722 3072 883 3136 constanti
904 3074 1011 3136 mente
1031 3071 1197 3134 tenentem

247 3147 321 3336 aet
332 3152 464 3302 tra
476 3153 853 3322 territantur
874 3155 1124 3303 {effigurat

303 3299 310 3326 '
332 3320 379 3383 At
391 3324 497 3404 pater,
514 3325 555 3386 ‘ut
569 3343 693 3388 summa
706 3325 910 3407 prospectum
925 3343 964 3387 ex
978 3287 1050 3387 arde
1064 3322 1211 3407 petebat,

332 3404 439 3477 Anxia
459 3405 495 3468 in
516 3405 663 3470 adsiduos
684 3407 854 3471 absumens
876 3407 997 3470 lumina
1017 3406 1125 3490 fletus,

334 3485 415 3553 Oum
435 3488 574 3573 primurn
594 3490 705 3555 intecti
727 3491 893 3575 conspexit
914 3490 1013 3556 lintea
1034 3489 1110 3574 veli,
