2632 4140
144 211 189 282 u]
533 213 640 268 niara
662 215 695 270 11.

43 362 48 368 ’
145 373 236 447 Alter
258 394 352 456 saepe
374 395 439 438 uno
460 376 563 440 muiai
583 375 769 458 praecordia
790 377 885 442 verbo
891 426 901 461 ,

186 457 298 522 Altera
319 457 372 521 vix
393 458 464 542 ipso
486 459 641 543 sanguine
663 461 769 525 mollis
792 461 860 525 crib.

548 605 700 616 ——-—-

600 707 643 782 V.

8 881 10 944 Ξ
147 826 216 893 Hoc
238 829 392 910 serumst,
415 831 485 893 iola
506 832 538 894 te
559 829 650 914 ferri,
674 829 828 914 Cynthia,
851 829 954 895 Roma

8 959 9 982 2
187 912 231 978 lili
251 933 318 976 non
339 913 451 998 ignota
474 914 577 978 vivere
598 915 761 998 nequitia?

8 1003 9 1094 l
146 995 233 1064 Haec
255 997 355 1061 merui
377 997 525 1080 sperare?
548 997 638 1062 dabis
659 997 754 1082 mihi,
777 997 912 1084 perfida,
936 1018 1071 1082 poenas:

186 1080 231 1146 Et
250 1081 344 1144 nobis
367 1081 472 1166 aliquo
477 1130 487 1165 ‚
511 1079 664 1166 Cynthia,
687 1084 799 1146 ventus
823 1082 891 1146 erit.
930 1155 931 1158 Ἴ

145 1162 310 1230 Inveniam
331 1167 439 1230 lamen
461 1187 478 1230 c
498 1166 607 1230 multis
629 1165 795 1230 fallacibus
816 1187 930 1250 unam,
1089 1179 1105 1228 c

188 1247 274 1324 Quae
295 1249 365 1314 fieri
386 1253 497 1314 ncslrc
520 1250 659 1314 carmine
680 1252 758 1314 noba
773 1249 871 1332 -rclib,

146 1331 213 1397 Nec
234 1333 314 1398 mihi
334 1336 401 1397 lam
423 1334 509 1398 duris
531 1334 665 1416 insultet
685 1333 825 1398 moribus
848 1336 880 1398 el
901 1337 933 1398 le
1062 1387 1065 1394 .

188 1416 337 1482 Vellicei:
360 1415 423 1482 heu
445 1439 515 1483 sero
537 1417 628 1484 flebis
651 1421 755 1483 amaia
776 1417 839 1486 diu.

8 1551 9 1572 ἶ
146 1499 241 1567 Nunc
264 1504 313 1566 est
334 1501 382 1566 ira
402 1523 528 1588 recens,
550 1524 636 1568 nunc
659 1507 708 1568 esi
730 1501 890 1566 discedere
911 1505 1052 1586 tempus:

187 1584 222 1650 si
244 1585 335 1650 dolor
356 1585 471 1651 afuerit
478 1636 487 1670 ,
512 1587 618 1671 crede,
640 1587 757 1651 redibit
778 1608 875 1650 amor.
1074 1597 1106 1649 10

145 1667 221 1735 Non
242 1669 289 1734 ita
311 1668 501 1755 Carpaihiac
523 1671 647 1735 veriani
667 1669 881 1754 Aquilonibus
903 1669 1007 1735 undae

186 1751 255 1819 Nec
278 1754 373 1818 dubio
395 1755 497 1820 nubes
519 1755 652 1819 vertiiur
674 1759 743 1818 abra
763 1753 866 1837 Ncic,

8 1873 15 1926 ξ
146 1836 247 1912 Quam
269 1838 361 1902 facile
383 1831 456 1904 irati
477 1839 574 1904 verbo
596 1841 761 1903 mutantur
782 1839 938 1902 amantes:

187 1920 273 1986 Dum
295 1922 384 2006 licei,
407 1923 526 1987 iniusto
549 1921 699 1988 subtrahe
722 1921 803 1987 colla
824 1921 910 2006 iugc.

8 2049 10 2054 ·
146 2003 213 2072 Nec
235 2001 271 2070 lu
292 2027 359 2070 non
381 2005 515 2091 aliquid,
538 2007 594 2072 sed
615 2006 719 2104 prima
739 2007 849 2089 nocie,
872 2005 1010 2074 dolebis:
1074 2019 1105 2068 rc

188 2090 290 2156 Omne
311 2091 347 2155 in
368 2111 476 2156 amore
497 2091 630 2176 malum,
654 2113 681 2156 sr
701 2091 823 2188 patiare
830 2139 840 2174 ,
862 2090 970 2156 levesi.

8 2195 9 2236 r
146 2173 191 2240 At
211 2178 248 2240 iu
268 2197 326 2260 per
347 2174 494 2240 dominae
515 2174 648 2240 Iunonis
672 2175 777 2240 dulcia
798 2196 869 2240 rura

187 2259 285 2326 Parce
307 2261 371 2324 tuis
394 2261 524 2344 animis,
547 2261 627 2344 vita,
649 2280 765 2326 nocere
786 2259 855 2324 cibi.

145 2343 221 2410 Non
243 2345 347 2410 solum
367 2347 477 2410 taurus
499 2345 574 2409 ferit
595 2346 685 2410 uncis
708 2344 857 2410 cornibus
878 2344 1019 2430 hostem,
1046 2375 1049 2380 ’

187 2429 307 2495 Verum
329 2430 425 2495 eliam
446 2430 581 2494 instanti
602 2430 688 2494 laesa
708 2431 866 2516 repugnat
888 2430 965 2494 ovis,
1074 2444 1107 2493 20

144 2513 214 2579 Nec
236 2513 295 2578 tibi
316 2515 443 2599 periuro
466 2515 609 2580 scindam
632 2513 670 2579 de
692 2535 824 2599 corpore
846 2516 981 2598 vestem,

187 2597 256 2664 Nec
277 2621 348 2662 mea
369 2599 549 2684 praeclusas
571 2599 703 2686 frogerii
723 2600 771 2664 ira
792 2599 894 2682 fores,

145 2681 214 2748 Nec
234 2683 296 2746 ‘bibi
318 2703 455 2750 conexos
477 2685 576 2749 ircim
600 2706 726 2771 ceipene
749 2683 851 2750 crines

188 2767 257 2832 Nec
279 2767 365 2832 duris
387 2769 489 2832 ausim
510 2769 634 2833 laedere
655 2769 839 2853 pollicibus:

145 2849 296 2916 Rusticus
317 2851 396 2917 haec
418 2853 531 2936 aliquis
554 2856 620 2916 tam
641 2853 756 2936 turpia
769 2853 891 2936 proelia
905 2856 1050 2937 quaerat,
1073 2864 1106 2916 ‘rc

189 2934 286 3000 Ouius
308 2957 375 3001 non
396 2935 530 3002 hederae
552 2937 701 3011 circuiere
724 2941 827 3020 capul.

145 3019 289 3086 Scribam
303 3019 412 3106 igilur,
431 3021 516 3106 quod
530 3041 597 3086 ncn
611 3041 761 3104 nmquam
774 3023 830 3085 ius
843 3019 948 3085 deleat
962 3023 1063 3106 aclas,

190 3103 346 3188 ‘Cynthia
367 3105 470 3170 forma
490 3109 619 3190 polens,
643 3103 782 3188 Cynthia
803 3105 899 3169 verba
920 3105 1021 3169 levis!

145 3189 248 3259 Crede
262 3189 351 3273 mihi,
367 3191 510 3274 quamvis
527 3192 710 3255 contemnas
725 3199 887 3254 murmura
901 3189 1005 3254 famae
1011 3240 1021 3275 ,

187 3274 251 3341 Hic
272 3276 332 3341 tibi
353 3276 482 3362 pallori,
505 3273 658 3358 Cynthia,
679 3295 789 3377 ¹versus
812 3276 880 3341 erit.
929 3346 933 3356 ,
1074 3289 1107 3340 30

552 3449 702 3462 ——u—-fi
