2636 4146
243 177 284 238 94
627 181 819 236 PROPERTll

348 342 395 408 Mi
417 341 494 408 folia
515 365 554 407 ex
575 343 691 408 hedera
711 344 796 428 porri
821 365 847 426 e,
870 342 1006 424 Bacche,
1027 345 1097 424 tua,

307 427 352 492 Vt
372 428 489 491 nostris
511 428 684 492 timefacta
706 366 867 512 superbiat
888 427 1024 492 Vmbria
1045 427 1148 509 libris,

349 510 483 576 Vmbria
504 509 649 576 Romani.
664 515 766 595 patria
788 510 985 577 Callimachi.

257 607 289 656 os
306 594 502 660 Scandentes
525 596 667 681 quisquis
690 600 797 660 cernet
819 597 857 662 de
879 596 1016 660 vallibus
1038 617 1139 678 arces,

348 678 483 764 Ingenio
505 701 613 744 muros
635 679 782 744 aestimet
802 681 855 744 ille
877 701 957 744 meo.
1306 751 1307 756 η

306 761 417 846 Roma,
438 763 524 844 lavo,
546 764 606 828 tibi
627 764 731 848 surgit
751 785 846 848 opus,
869 764 940 829 date
962 763 1097 828 candida
1119 763 1208 828 cives
1306 769 1307 814 ἒ

349 845 474 930 Omina,
496 849 530 912 et
549 847 686 932 inceptis
701 847 830 912 dextera
844 851 951 912 cantet
972 849 1048 912 avis.

306 929 403 995 Sacra
418 930 546 1014 diesque
558 953 671 996 cauam
687 935 720 998 et
730 954 766 996 eo
813 931 1032 1016 ominaprisea
1042 932 1205 997 locorum:

257 1027 289 1077 70
346 1014 414 1078 Has
437 1037 525 1080 meus
548 1017 709 1139 ad*metas
732 954 970 1138 sulitssoporter
991 1037 1100 1099 equus.

304 1182 386 1260 ‘Quo
407 1185 473 1253 ruis
494 1185 678 1269 inprudens,
701 1150 792 1271 dage,
815 1185 918 1250 dicere
939 1185 1013 1269 fata,
1029 1185 1206 1268 Properti?
1307 1277 1308 1282 γ

345 1266 421 1333 Non
442 1273 566 1352 sunta,
591 1269 700 1333 dextro
723 1269 850 1334 condita
870 1270 926 1334 fila
946 1271 1026 1334 colo.

304 1351 434 1418 Aversis
456 1357 477 1436 †
498 1354 638 1418 lacrimis
660 1357 784 1437 cantas,
807 1375 934 1418 aversus
955 1353 1088 1438 Apollo:

345 1433 455 1500 Poscis
477 1437 516 1500 ab
538 1438 640 1502 invita
661 1439 758 1502 verba
778 1438 917 1522 pigenda
938 1437 1015 1521 lyra.
1307 1509 1308 1522 ,

255 1530 287 1580 78
303 1517 399 1583 Certa
419 1519 520 1584 foram
541 1521 636 1585 certis
658 1522 856 1586 auctoribus:
878 1521 957 1585 haut
977 1543 1037 1607 ego
1059 1525 1174 1586 vates'
1307 1557 1308 1598 3

345 1601 480 1668 Nescius
502 1608 608 1668 aerata
629 1606 722 1692 signa
742 1627 869 1670 movere
890 1606 966 1690 pila.

303 1686 357 1752 Me
379 1691 466 1752 creat
484 1688 644 1773 Archytae
666 1690 791 1764 soboles
812 1689 1008 1773 Babylonius
1029 1689 1161 1775 Horops

345 1770 468 1856 Horon,
491 1776 523 1837 et
544 1795 563 1837 a
583 1795 703 1857 proavo
732 1775 827 1838 ducta
848 1773 979 1838 Conone
1001 1773 1124 1838 domus.

303 1851 345 1918 Di
367 1855 447 1919 mihi
468 1861 543 1920 sunt
564 1861 662 1922 testes
684 1879 751 1923 non
771 1858 979 1944 degenerasse
992 1859 1206 1943 propinquos,

163 1976 170 1986 ·
253 1949 288 1999 80
346 1938 448 2024 Inque
470 1942 549 2005 meis
572 1941 662 2006 libris
684 1942 732 2006 nil
752 1942 841 2026 prius
866 1963 934 2006 esse
956 1942 1027 2006 fide.

304 2021 400 2088 Nunc
421 2026 559 2108 pretium
580 2025 683 2091 fecere
705 2025 781 2091 deos
803 2029 835 2090 et
861 2025 984 2090 fallitur
1005 2047 1081 2090 auro

345 2105 504 2203 Iuppiter,
527 2109 673 2193 obliquae
696 2109 789 2195 signa
809 2111 924 2174 iterata
945 2114 1043 2176 rotae.

302 2188 486 2274 Fehcesque
508 2191 593 2257 Iovis
616 2193 724 2258 stellas
746 2193 921 2278 Martisque
942 2195 1065 2278 rapacis
1308 2217 1309 2226 ¹

344 2273 390 2338 Et
409 2295 507 2360 grave
529 2274 658 2352 Saturni
680 2279 767 2342 sidus
789 2279 824 2342 in
846 2299 940 2344 omne
963 2282 1074 2363 caput,
1308 2345 1309 2352 ,

254 2369 287 2418 80
303 2355 388 2434 Quid
409 2363 561 2424 moveant
581 2360 689 2426 Pisces
711 2363 916 2446 animosaque
938 2363 1032 2448 signa
1051 2361 1185 2447 Leonis,
1308 2363 1309 2426 l

254 2453 287 2502 80
346 2440 445 2507 Lotus
468 2447 501 2508 et
521 2443 678 2528 Hesperia
699 2446 775 2530 quid
797 2444 1010 2530 Capricornus
1032 2467 1123 2529 aqua,

254 2537 287 2586 89
302 2523 381 2589 Dixi
403 2547 474 2612 ego,
492 2549 563 2592 cum
585 2529 732 2626 geminos
754 2529 942 2614 produceret
959 2531 1054 2595 Arria
1074 2533 1169 2594 natos

254 2621 288 2670 9⁰
304 2609 881 2780 Ndirssbobasldaladmpllaltnldbnbubelpiilbe
888 2614 1006 2762 rdileliie
1027 2697 1185 2764 Penates:

345 2775 469 2862 Nempe
491 2799 594 2843 meam
615 2779 744 2846 firmant
764 2802 849 2846 nunc
871 2780 933 2845 duo
959 2782 1053 2846 busta
1073 2782 1186 2848 fidem.
1220 2827 1227 2841 ,

304 2859 365 2936 Qui
387 2882 428 2945 pe
449 2859 624 2948 Lupercus,
653 2866 726 2948 equi
748 2865 823 2930 dum
845 2865 952 2930 saucia
971 2865 1113 2950 protegit
1134 2887 1210 2954 ore,

380 2966 419 3010 eu
441 2945 503 3014 sibi
523 2949 672 3032 prolapso
693 2970 761 3013 non
782 2949 864 3014 bene
886 2951 972 3014 cavit
993 2971 1090 3034 equo:

255 3040 287 3090 88
303 3027 414 3094 Gallus
437 3033 479 3112 at,
502 3031 537 3095 in
560 3034 671 3098 castris
693 3033 768 3097 dum
783 3033 903 3115 credita
924 3033 1017 3119 signa
1037 3036 1156 3118 tuetur,

347 3111 495 3178 Concidit
515 3119 588 3180 ante
610 3117 733 3200 aquilae
760 3119 865 3181 rostra
886 3121 1017 3182 cruenta
1038 3137 1124 3183 suae.

303 3195 430 3262 Fatales
451 3199 557 3282 pueri,
580 3197 642 3265 duo
663 3201 775 3265 iuuere
795 3203 906 3267 matris
929 3223 1050 3284 avarae,

346 3279 444 3362 Vera,
468 3282 524 3347 sed
545 3283 661 3358 invito,
684 3284 821 3370 contigit
842 3285 904 3350 ista
924 3285 1013 3350 fides.

303 3363 392 3428 Idem
415 3386 492 3449 ego,
521 3387 594 3430 cum
615 3365 749 3433 Cinarae
771 3369 914 3434 traheret
934 3368 1057 3434 Lucina
1079 3370 1217 3442 dolores

243 3459 291 3510 100
348 3447 393 3513 Et
414 3447 557 3515 facerent
578 3453 660 3516 uteri
682 3453 824 3536 pondera
845 3454 934 3518 lenta
954 3473 1097 3540 moram,
