2630 4110
471 201 685 259 PRAEFATIO.
954 149 1053 264 nxvu

80 373 181 434 meris
197 374 265 432 sunt
277 370 325 431 usi
340 385 460 446 genere,
476 369 603 429 exclusis
618 372 751 429 61161616
765 369 905 431 adhibitis
919 372 1052 448 reliquis.

81 457 129 516 Ex
152 458 261 517 ceteris
283 455 391 532 quinte
409 453 489 530 apud
510 453 664 514 Catullum
682 472 743 514 non
763 457 857 528 extat,
883 459 967 516 sexta
986 475 1054 516 611111

79 543 197 600 robore
218 559 250 600 ac
269 539 378 616 spirito
399 541 500 598 careat
514 539 607 598 semel
620 540 738 598 tantum
752 540 902 615 repetitu
914 539 947 599 in
961 541 1053 600 conti·

78 626 152 684 nnis
168 623 359 696 hexametris,
372 641 501 699 quornm
514 622 632 682 numeri
646 623 743 682 lenius
755 622 853 682 fluant
866 642 956 699 quem
970 624 1053 684 disti·

75 710 220 782 chorum,
237 706 405 784 etquidem
419 707 452 766 in
466 707 596 766 formula
612 702 697 786 [406]

197 810 297 868 omnia
310 807 401 867 lande
414 807 544 867 nefanda
560 808 639 866 melo
653 809 802 883 permixta
816 809 926 868 furora

147 909 253 969 Etiam
268 907 373 984 τομὴν
386 906 467 968 κατὰ
481 904 590 983 τρίτον
604 907 760 984 τροχαῖον
775 909 908 970 admittit
921 910 1052 986 aliquan-

74 995 119 1054 do
136 993 278 1054 Catullus
298 993 351 1054 sed
370 1011 441 1052 raro
457 989 519 1072 [64,
538 993 594 1067 213
621 994 697 1067 1153
721 993 797 1067 1413
815 995 891 1068 2063
909 995 985 1069 2913
1002 997 1051 1066 66,

80 1081 138 1154 41;
164 1079 215 1152 68,
232 1079 289 1152 39;
313 1078 383 1151 116,
399 1072 442 1156 ⁷]-
471 1077 546 1136 Eius
561 1077 732 1151 exemplum
753 1077 1008 1152 elegantissimum
1023 1083 1054 1137 et

80 1181 117 1222 ex
132 1163 297 1222 Homerica
311 1161 480 1220 imitatione
495 1160 618 1219 ductum
632 1159 723 1220 habes
740 1155 776 1240 [6.
790 1162 838 1235 64,
856 1161 917 1220 205
932 1157 989 1240 so]

169 1282 228 1339 quo
243 1265 329 1322 motu
343 1261 433 1321 tellus
448 1264 537 1337 atque
551 1260 671 1320 horride
685 1263 928 1322 contremuerunt

172 1365 302 1423 aequora
316 1346 523 1422 concussitque
543 1341 547 1426 t
566 1346 707 1405 micantia
720 1345 818 1405 sidera
831 1345 969 1406 mundus.

170 1463 342 1525 06661116
367 1463 553 1536 bucolica,
572 1465 667 1544 [post
695 1466 868 1538 quartum
891 1483 984 1540 quae
1005 1465 1053 1524 fit

77 1549 302 1625 dactylum,
318 1549 355 1608 in
370 1566 484 1608 versu
497 1547 632 1608 Latino
646 1547 761 1607 nulls.

148 1649 254 1708 Tertio
280 1648 356 1724 pede
384 1647 549 1706 hexametri
575 1646 755 1723 dactylicum
783 1631 961 1708 voeshulum
989 1649 1052 1709 sive

78 1733 280 1808 spondiaeum
302 1731 404 1790 adesse
419 1731 483 1790 fere
497 1729 581 1791 nefas
605 1726 653 1810 [61.
669 1731 699 1789 d.
714 1751 739 1789 r.
754 1750 795 1789 m.
812 1728 902 1809 llll,
924 1734 1051 1793 seeundo

80 1818 267 1981 gaogylieum
283 1815 405 1876 admisit
419 1813 558 1874 Catullus
571 1815 678 1890 quater
700 1810 762 1893 [64,
781 1815 850 1873 141.
868 1818 917 1888 67,
936 1817 984 1874 25.
1001 1819 1051 1889 97,

170 2001 222 2063 De
243 2000 430 2076 rhythmis
450 2015 691 2059 numerorum
705 1963 893 2076 legitimis
908 2000 1051 2076 egimus

80 2086 103 2144 l.
118 2087 167 2145 HI
181 2105 254 2162 pgg.
272 2085 459 2144 noe-229.

146 2186 295 2244 Exeuntis
309 2183 474 2244 hexametri
488 2202 523 2243 ea
536 2202 641 2244 norme
655 2186 710 2257 est,
722 2185 757 2243 ut
771 2186 886 2244 constet
900 2187 952 2243 aut
965 2204 1049 2246 voca-

83 2270 154 2330 bulo
175 2271 208 2330 in
232 2269 383 2344 dactylum
404 2270 578 2327 excurrente
598 2286 666 2326 cum
687 2267 836 2328 trochaico
857 2271 908 2327 aut
932 2268 964 2326 in
989 2271 1050 2329 tro-

79 2354 208 2413 chaeum
228 2352 350 2412 finiente
371 2371 437 2410 cum
453 2351 698 2427 amphibrachico,
723 2356 845 2428 excepto
860 2351 940 2428 quod
953 2351 1050 2414 finalis

84 2439 203 2512 syllaba
216 2437 345 2496 habetur
359 2436 574 2495 indifferenter.
589 2435 675 2494 Licet
688 2439 789 2495 66111611
804 2435 929 2496 distrahi
943 2437 1051 2511 pedem

84 2523 231 2582 ultimum
244 2521 278 2580 in
291 2521 509 2596 monosyllaba,
524 2537 579 2578 nec
593 2520 692 2580 minus
707 2519 859 2596 dactylum
874 2519 1050 2596 praeceden-

81 2608 154 2665 tem.
184 2605 292 2665 Potest
306 2605 396 2663 etiem
410 2603 490 2662 idem
506 2605 641 2664 constare
655 2605 861 2680 monosyllabo
876 2604 968 2664 verbo
983 2621 1051 2662 cum

82 2689 272 2764 pyrrichieco
292 2689 354 2748 sive
374 2688 407 2747 in
427 2687 598 2747 trochaeum
613 2687 736 2747 cedente
751 2707 818 2748 eum
832 2687 1049 2762 monosyllabo.

84 2772 228 2832 Ceterum
247 2773 399 2832 rarissime
420 2773 522 2832 evenit
543 2771 622 2848 apud
641 2773 734 2832 bonos
754 2775 859 2848 poetes
873 2774 908 2830 ut
922 2771 1052 2830 admissa

80 2855 135 2916 1166
150 2857 275 2916 licentia
288 2856 347 2916 tria
361 2858 538 2921 concurrant
552 2857 769 2932 monosyllabo.

144 2957 254 3035 Itaque
268 2957 421 3034 legitimae
438 2956 550 3032 speeies
564 2957 654 3015 metri
667 2957 779 3016 heroici
793 2959 864 3017 sunt
876 2956 928 3015 hae

288 3115 309 3126 -
321 3101 731 3123 „„„„„„„„„„„„„„
746 3071 814 3136 ι.ν
