2628 4116
238 210 377 258 Lxxvssl
612 193 825 251 PRAEFATIO.

299 367 351 426 De
372 365 580 442 positionis
601 383 692 439 quoe
715 363 915 422 diciturne
934 361 1210 424 inmediisvo-
1288 379 1289 400 ³

237 451 448 594 {pipulgglst
470 449 509 508 in
531 448 680 508 ultimis
706 448 858 524 legibus
877 447 1021 523 egimus
1040 448 1061 506 l.
1082 467 1113 508 n.
1129 469 1207 526 pgg.

300 635 363 693 Nec
377 653 447 694 vero
463 633 653 694 severitatem
666 651 788 692 normae
803 631 919 708 sprevit
933 630 1068 692 Catullus
1082 633 1143 692 nisi
1158 653 1206 693 se·

178 765 185 779 .,
238 720 300 777 mel
312 717 471 778 Homerico
492 719 626 794 exemplo
646 718 679 776 iu
692 717 836 777 vocabulo
856 716 928 776 ulios
949 716 1052 792 inepto
1066 720 1206 778 numeris
1289 755 1290 768 ,

240 803 394 880 dactylicis
409 805 440 862 66
453 801 521 862 sede
536 803 640 878 quinta
653 801 817 860 hexametri
833 795 895 880 [64,
912 796 985 878 357]

321 888 408 946 testis
422 887 481 945 crit
493 887 611 963 mugnis
625 885 788 946 virtutibus
803 885 885 945 undo
898 883 1084 945 Scamandri.

301 981 780 1066 mmmmm&

321 1088 392 1148 inde
405 1091 491 1166 pstor
506 1089 606 1148 divom
621 1090 805 1148 sorciacum
820 1089 942 1163 6666696
954 1089 1116 1162 coctoque.
1230 1127 1239 1138 ·

302 1189 387 1249 Idem
407 1193 509 1248 666666
524 1189 711 1265 frequentius
726 1207 816 1264 quem
829 1189 989 1264 probatum
1002 1189 1091 1249 bonis
1104 1192 1204 1266 poetis

240 1273 506 1418 padulplipdllilrguos
530 1273 635 1333 finales
660 1272 886 1348 insequentibus
906 1272 986 1333 binis
1007 1275 1144 1334 consonis
1167 1275 1205 1334 od

394 1460 424 1516 66
438 1455 507 1516 inde
521 1459 569 1516 666
583 1475 637 1533 per
650 1459 811 1532 6666666666
824 1457 901 1530 freto

392 1541 476 1601 66116
489 1541 578 1618 fuges
592 1542 680 1615 66616,
695 1543 779 1602 nullu
791 1559 864 1616 spes,
880 1541 979 1602 omnis
992 1545 1085 1602 66666.

304 1643 377 1703 Eius
391 1642 529 1702 licentius
543 1645 682 1718 prosunt
695 1644 830 1720 exemplu
845 1644 874 1716 4,
888 1645 922 1718 93
941 1645 995 1718 183
1014 1647 1062 1720 17,
1079 1645 1136 1720 24;
1153 1646 1205 1721 22,

244 1729 298 1804 123
316 1729 365 1800 29,
381 1729 416 1804 43
432 1727 483 1800 44,
502 1729 557 1802 183
575 1729 624 1802 63,
641 1729 698 1803 53,
716 1729 765 1801 64,
784 1729 859 1804 186,
877 1729 926 1801 67,
942 1729 993 1787 32.

203 1846 206 1851 ’
304 1848 354 1906 Dc
369 1846 619 1923 productione
638 1847 772 1906 finalis
787 1865 827 1904 66
841 1864 931 1921 quse
952 1845 1051 1906 ursis
1065 1847 1102 1905 vi
1117 1847 1205 1905 effi-

243 1933 341 1992 citur
361 1931 608 1991 disseruimus
623 1950 694 2007 pgg.
712 1931 899 1990 321-333.

305 2033 409 2107 166666
429 2032 563 2108 plerique
583 2034 688 2107 posiae
703 2051 769 2090 eum
782 2049 843 2092 non
858 2031 1021 2090 admittunt
1033 2031 1093 2091 nisi
1108 2034 1160 2090 666
1173 2033 1208 2092 in

243 2135 364 2176 caesura
377 2117 513 2192 legitima
524 2117 576 2174 666
586 2117 882 2192 6666666666666616
894 2116 1015 2190 proprio
1025 2114 1205 2190 vchrseco,

243 2219 299 2261 666
319 2201 377 2259 nisi
399 2218 466 2258 cum
486 2219 613 2260 6666666
634 2200 764 2260 cluditur
788 2200 923 2261 verbum.
966 2199 1044 2258 Num
1070 2201 1208 2260 roculem

243 2285 365 2344 brevem
386 2285 418 2343 in
431 2283 490 2343 fine
504 2285 633 2360 positum
648 2285 817 2351 condicione
831 2283 884 2342 ills
897 2283 1020 2359 produci
1034 2303 1095 2344 non
1109 2286 1207 2360 magis

243 2370 387 2429 66166666
415 2387 505 2444 quom
530 2369 654 2428 eandem
675 2388 795 2428 munere
825 2369 975 2444 integram
1000 2386 1055 2443 per
1079 2367 1205 2427 hiatum.

246 2453 386 2513 Ceterum
402 2451 537 2512 06661166
552 2457 599 2512 ter
612 2472 674 2513 non
688 2453 805 2529 saepius
819 2454 907 2512 venie
920 2453 973 2510 illc
986 2471 1058 2512 usus
1071 2453 1105 2512 in
1118 2453 1207 2510 hexa-

242 2540 340 2597 metro
361 2540 487 2596 exsuuto
508 2539 551 2596 ila
576 2533 637 2618 [62,
654 2539 683 2596 4.
706 2539 761 2612 64,
778 2537 828 2596 20.
852 2533 970 2616 66,11]
993 2536 1071 2595 ‘iam
1092 2537 1210 2596 dicetur

243 2623 441 2697 1666666666,
464 2621 536 2683 ‘non
556 2622 688 2698 despexit
707 2619 899 2697 hymenaeos,
925 2624 1014 2682 ‘novo
1034 2622 1209 2697 666666166-

243 2709 383 2767 creoceo?

307 2807 502 2882 Reliquorum
515 2806 714 2882 Euphorionis
729 2808 892 2880 cuntorum,
913 2825 1041 2882 quorum
1056 2805 1209 2866 subiunxi·

244 2910 311 2951 mus
326 2891 476 2968 reliquias,
492 2891 622 2950 raciones
637 2890 776 2950 metricae
792 2909 859 2949 cum
874 2890 935 2951 sint
948 2893 1011 2950 um
1025 2890 1138 2950 similos
1155 2889 1209 2950 06-

243 2976 394 3048 tullienis,
410 2994 471 3035 non
485 2975 579 3034 66166
593 2973 688 3049 magis
703 2974 789 3048 laeli,
810 2978 929 3050 praeter
945 2995 980 3034 66
993 2993 1069 3050 quce
1084 2973 1211 3034 subinde

243 3059 278 3122 in
296 3059 518 3121 commentariis
538 3058 754 3134 adnotavimus,
775 3061 902 3120 uerbum
922 3059 991 3118 addi
1004 3077 1066 3120 666
1081 3061 1212 3136 oporiet.

620 3377 824 3390 m.—
