2628 4116
247 157 286 220 12
584 209 588 218 ,
650 163 804 218 onrvmr
1111 161 1209 235 [xxm

308 326 451 408 Aequcst
471 325 582 390 beatus
605 346 641 389 oc
662 346 776 408 poema
798 323 1016 388 cum'scn'bil:

309 407 388 471 Tam
410 409 528 492 gaudet
548 410 583 472 in
604 430 638 472 se
660 411 787 492 lamque
809 430 843 472 se
865 409 933 491 ipse
955 409 1097 472 miratur.

279 499 297 584 η
309 491 469 556 Nimirum
502 493 586 558 idem
620 514 730 557 omnes
765 491 920 573 fallimur,
957 496 1093 576 nequest
1126 493 1211 577 quis-

915 597 1009 657 uum,-

283 585 294 764 {l
311 657 411 734 Quem
432 681 499 724 non
520 661 555 724 in
577 660 683 743 aliqua
703 681 738 724 re
759 659 864 723 videre
887 597 1050 722 §uffenum

247 755 262 802 2
308 741 427 808 Possis.
458 765 533 808 suus
556 745 667 826 cuique
689 743 860 807 attributus
884 746 932 806 esi
954 764 1054 807 error:

312 825 374 892 Sed
395 848 462 892 non
482 827 641 910 videmus,
663 827 821 892 manticae
843 826 927 909 quod
949 826 984 890 in
1004 830 1140 911 iergost.

653 965 804 974 -——-

657 1049 788 1121 XXlII.

353 1179 462 1262 Furei,
485 1180 559 1264 quoi
580 1201 683 1262 neque
705 1199 812 1243 servos
834 1182 884 1244 esi
903 1201 1006 1262 neque
1027 1199 1101 1244 arca

352 1262 422 1328 Nec
444 1263 545 1327 cimex
566 1284 668 1345 neque
689 1284 821 1327 araneus
842 1285 946 1347 neque
968 1263 1067 1348 ignis,

354 1345 507 1411 Verumst
527 1349 560 1410 et
580 1350 671 1430 paler
693 1349 725 1411 et
744 1367 895 1430 noverca,
918 1367 1052 1430 quorum

353 1429 474 1494 Dentes
495 1431 544 1494 ve]
568 1431 689 1495 silicem
711 1452 852 1496 comesse
873 1437 1022 1514 possunt,

353 1513 415 1577 Est
435 1513 566 1597 pulchre
587 1515 647 1579 libi
669 1536 740 1579 cum
761 1517 817 1579 luo
839 1518 969 1599 parente

354 1597 399 1662 Et
420 1619 492 1662 cum
514 1598 647 1684 coniuge
669 1599 777 1684 lignea
797 1600 948 1682 parentis.

354 1680 423 1746 Nec
444 1682 574 1746 mirum:
597 1683 775 1748 benenom
797 1684 909 1747 valetis
932 1703 1057 1766 omncs,

354 1764 491 1830 Pulchre
513 1767 724 1851 concoquilis,
746 1765 828 1830 nihil
850 1767 985 1849 timetis,

353 1848 430 1914 Non
451 1849 611 1934 incendio,
633 1873 700 1916 non
720 1872 833 1936 graves
854 1852 962 1915 ruinas
968 1900 977 1932 ,

353 1932 430 1998 Non
450 1933 536 1998 furta
556 1935 660 2032 inpia,
683 1956 750 1999 non
772 1935 861 2000 dolos
883 1935 1012 2018 veneni,

354 2015 430 2080 Non
452 2039 543 2082 cesus
564 2019 644 2082 ahos
665 2020 887 2101 periculorum.

354 2100 454 2184 Atqui
476 2122 609 2184 corpora
630 2103 763 2166 sicciora
784 2124 883 2166 cornu

354 2184 421 2247 Aut
442 2185 546 2267 siquid
566 2187 669 2269 magis
692 2184 846 2250 aridumsi
866 2186 990 2251 habetis

355 2265 429 2331 Sole
451 2271 483 2331 et
504 2268 623 2352 frigore
645 2273 678 2333 el
699 2272 896 2335 essurilione

358 2349 461 2426 Quare
481 2373 549 2416 non
569 2353 628 2416 libi
650 2354 794 2418 silbons
816 2377 852 2419 ec
875 2355 986 2418 beate?

323 2439 325 2443 ’
357 2435 387 2498 Α
409 2439 454 2507 te.
464 2435 559 2500 sudor
581 2437 685 2522 abest,
707 2439 798 2503 abest
819 2439 933 2520 saliva,

355 2517 529 2604 Mucusque
551 2525 584 2585 ei
604 2523 689 2586 mals
709 2523 825 2606 pituita
845 2524 924 2586 nasi.

356 2601 449 2667 Hono
471 2604 511 2668 ad
532 2605 720 2670 munditiem
742 2607 822 2669 udde
843 2606 1057 2691 mundiorem,

356 2685 448 2762 Quod
469 2689 557 2754 culus
578 2691 639 2754 tibi
659 2691 769 2774 purior
791 2689 943 2774 salillost,

352 2771 422 2837 Nec
442 2775 511 2837 toro
533 2774 637 2838 docies
660 2795 750 2838 oecos
772 2773 808 2836 in
829 2795 930 2857 anno,

354 2857 461 2940 Alquc
481 2857 515 2921 id
537 2858 645 2922 durius
668 2861 716 2922 esi
737 2857 811 2922 faba
833 2861 865 2922 cl
885 2859 1017 2944 lapillis3

355 2939 447 3015 Quod
467 2943 504 3005 iu
525 2942 721 3006 simonibus
742 2943 826 3005 teres
848 2942 1020 3026 sricesque,

353 3023 430 3090 Non
450 3047 600 3110 umquam
622 3025 654 3088 di
681 3027 759 3088 'tum
779 3026 945 3110 inquinare
967 3027 1081 3110 possis.

353 3107 441 3174 Haec
463 3113 500 3174 lu
521 3129 644 3174 commo
668 3131 687 3172 a
707 3112 775 3172 lam
796 3110 902 3193 beata,
925 3109 1014 3194 Furi,

352 3192 429 3259 Noli
451 3215 599 3278 spernere
620 3214 680 3257 nec
700 3197 812 3277 putare
833 3195 938 3278 parvi,

353 3276 398 3342 Er
419 3278 564 3341 sestertia
585 3298 665 3362 quac
688 3277 770 3343 soles
792 3280 915 3362 precari

354 3359 490 3427 Oenlum
513 3359 635 3426 desine:
659 3383 735 3426 num
757 3367 806 3426 sut
827 3385 860 3427 es
882 3363 1002 3428 beatus.
