2666 4138
155 243 158 248 ·
229 222 290 274 XIV
600 201 815 263 PRAEFATIO.

229 381 330 454 aperte
350 377 488 436 ferimtur
512 375 648 436 mendosi
676 375 833 450 spongiam
861 371 1057 432 adhibendam
1077 389 1196 434 censeo.

228 463 376 538 Pleraque
391 463 471 520 enim
486 461 586 521 amnia
599 459 674 520 vitia
687 461 720 518 in
733 457 884 534 Propertii
898 458 1079 517 carminibus
1093 477 1195 517 emen·

229 546 326 605 dando
346 545 494 604 tollenda:
517 546 601 619 siqua
621 545 737 602 restant
756 543 894 619 graviora
912 559 1003 617 quam
1015 544 1052 600 ut
1064 541 1197 602 humana

228 649 284 706 ope
309 630 427 705 possint
447 629 560 700 sanari,
589 628 672 702 ipsae
699 630 802 686 tamen
829 627 973 701 reliquiae
1001 627 1196 700 quantumvis

228 715 341 772 lacerae
356 715 388 771 et
400 713 577 788 depravatae
588 710 794 770 demonstrant
803 711 908 786 peritis
919 712 951 768 et
964 711 1049 784 quasi
1062 710 1197 768 clamant

229 798 338 858 summi
359 797 478 872 poetae,
498 813 560 855 non
580 793 747 854 scholastici
768 795 868 854 nescio
888 794 971 853 cuius
987 789 1052 870 (qui
1064 811 1128 852 non
1140 811 1196 869 po-

227 883 289 941 tuis
307 880 373 940 fias
394 881 467 954 quin
488 857 588 941 aubi
607 879 776 938 amnuens
794 877 966 953 pausans
986 893 1017 936 ss
1037 875 1143 954 uass)
1159 896 1197 936 ea

229 984 293 1025 esse
312 966 513 1024 monumenta.
542 963 588 1022 Ac
612 981 681 1022 sane
703 981 765 1022 non
784 963 853 1038 plus
872 963 1015 1036 quattuor
1034 977 1137 1020 versus
1158 979 1196 1020 ex

228 1051 323 1127 ipsius
342 1049 406 1107 fere
426 1048 509 1108 Sexti
528 1047 614 1108 libris
636 1047 806 1122 importune
825 1045 969 1120 repetitos
984 1045 1070 1104 obelo
1088 1047 1196 1104 notare

228 1152 277 1193 ma
291 1150 423 1192 memini.

294 1217 486 1292 Singulorum
501 1215 665 1274 carminum
679 1214 815 1290 legitima
825 1213 1002 1289 disponendi
1016 1212 1196 1288 spartianum

230 1304 277 1361 sat
296 1301 434 1376 exiguam
453 1301 486 1357 in
504 1298 559 1356 hac
580 1300 665 1373 parte
683 1297 875 1374 Neapolitani
895 1295 966 1356 libri
986 1298 1195 1356 auctoritatem

230 1402 294 1444 esse
323 1401 413 1458 supra
440 1381 596 1440 iudicarim
625 1381 782 1440 arbitrium
816 1381 993 1457 plerumque
1021 1397 1195 1441 concessum

129 1525 132 1530 .
229 1468 400 1528 lectoribus.

294 1549 531 1608 Traiectionibus
551 1567 692 1608 versuum
711 1549 842 1624 primum
862 1550 942 1608 inter
960 1550 1078 1608 umbem
1102 1549 1194 1608 Scali-

231 1653 337 1712 gerum
357 1653 445 1693 usum
465 1651 530 1692 esse
551 1635 680 1706 constat,
702 1651 778 1708 quae
792 1651 829 1692 ex
842 1651 951 1709 magna
964 1635 1049 1709 parte
1063 1634 1193 1708 ineptae,

230 1721 309 1778 certe
322 1719 523 1794 importunae,
544 1721 646 1776 tamen
665 1716 702 1775 ad
715 1717 881 1776 Burmanni
900 1717 1024 1781 minoris
1037 1735 1132 1792 usque
1147 1736 1192 1776 ae-
1237 1783 1241 1786 ,

229 1806 325 1862 tatem
344 1803 377 1861 in
397 1801 579 1861 editionibus
592 1801 775 1861 Batavorum
793 1801 961 1874 haeserunt,
982 1801 1118 1876 quamvis
1132 1803 1193 1876 pri·

230 1888 299 1946 dem
313 1887 477 1963 expulisset
486 1884 623 1962 Vulpius.
655 1885 719 1944 Nos
733 1888 878 1960 quantum
892 1885 930 1944 ab
943 1884 1030 1944 huius
1045 1886 1192 1944 eteorum
1317 1893 1318 1982 ξ

231 1973 284 2047 qui
299 1971 393 2030 secuti
408 1972 480 2029 sunt
493 1987 562 2028 eum
572 1969 776 2028 recentissimo
790 1971 925 2044 tempore
939 1969 1119 2042 temeritate,
1128 1971 1192 2027 tan·

229 2059 295 2116 aum
315 2055 485 2130 putavimus
503 2053 701 2112 recedendum
720 2053 757 2111 ab
777 2054 820 2113 eis
841 2053 893 2128 qui
917 2053 993 2111 nihil
1012 2055 1194 2112 venerantur

230 2139 289 2197 nisi
308 2138 401 2196 libros
421 2137 557 2211 scriptos.
588 2135 728 2196 Ceterum
743 2153 811 2194 cum
825 2137 946 2196 omnino
961 2135 1090 2195 difficilis
1105 2138 1193 2196 sitae

230 2221 344 2280 lubrica
365 2220 505 2295 aleaequa
523 2219 613 2294 plena
632 2220 716 2278 crisis
730 2219 934 2296 Propertiana,
950 2223 1016 2278 tum
1029 2221 1119 2296 louge
1133 2222 1193 2296 spi-

229 2303 387 2364 nosissima
398 2303 502 2362 existit
514 2303 649 2379 quaestio
664 2303 700 2362 de
714 2305 849 2364 uersibus
863 2305 1106 2380 transponendis,
1126 2323 1193 2380 par-

230 2389 287 2448 tim
302 2388 340 2448 ob
353 2390 469 2447 teritum
480 2388 681 2447 subsidiorum
696 2388 866 2448 anticorum
880 2389 1067 2462 tenuitatem,
1082 2389 1194 2464 purtim

230 2473 301 2547 quia
325 2474 360 2530 ut
376 2472 409 2530 iu
430 2471 567 2531 omuibus
589 2471 770 2532 carminibus
790 2473 834 2532 ita
850 2472 977 2531 mammo
1001 2473 1034 2530 in
1053 2471 1194 2549 elegiacis

231 2556 333 2614 amant
346 2555 504 2630 aliquando
517 2556 698 2631 interrumpi
712 2557 876 2616 sententiae
891 2557 1124 2633 digressionibus
1138 2575 1194 2615 nee

232 2641 296 2698 fere
309 2641 390 2698 recta
404 2639 453 2698 via
468 2639 519 2697 sed
539 2640 625 2714 quasi
638 2655 693 2715 per
706 2641 836 2700 salebras
850 2641 995 2699 incedere.
1025 2641 1124 2711 Quare
1139 2641 1193 2698 ial-

230 2723 345 2794 lentur,
366 2724 400 2781 in
413 2721 571 2796 Propertio
585 2724 636 2798 qui
656 2724 756 2782 omnia
770 2724 808 2782 ad
821 2726 1023 2784 severissimas
1036 2724 1193 2783 ratiocina

230 2805 322 2866 tioms
336 2806 451 2881 logicae
464 2823 584 2866 normas
597 2825 717 2866 moroso
732 2810 886 2884 exegerint
898 2809 1018 2868 iudicio.

288 2889 352 2960 Qua
365 2888 513 2964 scriptura
526 2889 619 2950 inerit
631 2894 767 2952 exaratus
782 2893 960 2969 mahetypus
974 2893 1026 2951 diu
1039 2891 1113 2951 mihi
1126 2909 1194 2967 per·

230 2973 375 3034 scrutanti
394 2990 456 3032 non
475 2973 571 3051 magis
590 2977 723 3050 reperire
743 2975 870 3052 configit
889 2995 979 3051 quam
994 2979 1068 3052 quot
1081 2976 1197 3034 luerint

229 3059 262 3118 in
276 3059 402 3135 singulis
416 3057 533 3134 paginis
547 3075 661 3118 versus.
684 3059 833 3130 Quaedam
848 3060 911 3118 sine
926 3059 1016 3119 dubio
1030 3061 1105 3120 vitia
1118 3079 1195 3135 quae
1317 3045 1318 3066 ¹

230 3143 427 3202 observantur
439 3142 510 3201 inN
522 3143 573 3202 uel
587 3141 614 3202 G
629 3142 825 3202 adhaeserunt
839 3161 875 3201 ex
889 3145 1037 3220 scriptura
1049 3144 1196 3220 quadrata

230 3227 280 3284 vel
298 3227 408 3286 unciali
426 3227 512 3286 velut
531 3226 604 3300 IIII,
621 3227 671 3300 24,
689 3229 729 3286 10
747 3229 836 3300 tium
848 3229 1018 3304 praeterere,
1032 3226 1070 3301 V,
1088 3230 1136 3300 11,
1152 3229 1197 3287 30

230 3325 302 3369 aero
319 3327 375 3384 pro
389 3308 479 3380 Afra,
501 3312 529 3384 7,
544 3311 586 3369 45
607 3311 698 3371 mireo
718 3328 773 3386 pro
786 3310 908 3388 Lotape
926 3313 966 3370 ib.
985 3313 1033 3384 10,
1049 3312 1090 3372 42
1110 3329 1198 3371 cossa

229 3411 285 3467 pro
297 3409 397 3468 puoso,
411 3393 453 3451 ib.
463 3395 490 3466 1,
504 3395 542 3452 61
556 3396 660 3470 piupat
670 3413 725 3470 pro
735 3399 841 3471 muas,
856 3394 1057 3471 utaliquando
1071 3395 1200 3470 aposita

229 3494 285 3552 pro
298 3479 320 3538 i,
346 3476 505 3536 Praeterea
518 3477 625 3536 borum
640 3479 774 3538 codicum
787 3481 968 3541 testimoniis
982 3479 1150 3539 declaratur
1163 3480 1200 3540 in
