2636 4146
248 240 310 302 114
623 241 817 298 seorsum
1111 239 1215 312 [vnn.

310 407 356 472 At
387 408 557 490 postquam
595 403 748 471 exhausto
784 403 848 468 iam
883 403 1014 467 flumine
1050 403 1168 468 vicerat

855 491 992 569 aestum,

353 573 451 640 Ponit
472 575 525 638 vix
547 573 639 638 siccis
661 572 766 638 tristia
787 572 857 640 iura
877 571 984 636 labris.

262 669 295 721 oc
310 657 471 742 ‘Angelus
485 656 538 722 hie
549 657 661 722 muudi
669 677 756 722 nunc
768 677 819 722 me
830 655 978 722 massata
987 654 1171 720 trahentem

353 741 494 825 Accipit:
517 739 596 806 haee
617 741 704 808 fesso
726 741 779 805 vix
800 739 880 804 mihi
900 744 986 804 terra
1007 743 1104 823 patet

313 825 454 889 Maxima
476 847 556 908 quae
577 824 729 910 gregibus
750 823 897 890 deuotast
918 845 972 890 ara
993 823 1137 907 repertis,

354 911 421 974 Ara
441 931 498 994 per
519 909 589 974 hos’
612 908 723 992 inquid
746 908 895 972 ‘maxima
915 908 1000 972 facta
1020 928 1146 990 manus,

313 991 404 1057 Haec
424 993 523 1058 nullis
544 1013 695 1090 umquam
715 995 824 1076 pateat
844 991 1023 1057 veneranda
1036 991 1164 1074 puellis,

265 1091 299 1140 το
355 1076 502 1142 Herculis
525 1077 633 1142 eximii
653 1098 694 1144 ne
717 1077 760 1142 sit
780 1077 882 1142 inulta
903 1075 996 1140 sitis?

313 1159 429 1226 Sancte
451 1163 541 1245 peter
563 1161 657 1243 salve,
681 1161 732 1226 cui
753 1160 818 1226 iam
838 1160 925 1225 iavet
945 1180 1058 1244 aspera
1078 1157 1180 1224 Iunot

355 1245 481 1328 Sancte,
503 1245 583 1310 velis
604 1245 687 1311 libro
710 1244 820 1310 dexter
840 1244 945 1309 inesse
967 1263 1048 1308 meo.
1137 1305 1147 1326 ‚

312 1327 416 1411 Huic,
448 1329 598 1412 quoniam
631 1328 777 1394 manibus
814 1331 986 1477 purgptum
1021 1330 1172 1394 senserim

857 1433 966 1478 orem

355 1495 409 1562 Sic
431 1495 583 1562 Senatum
605 1495 716 1562 Tatiae
739 1517 934 1580 conposuere
956 1461 1065 1564 (iures.

652 1625 805 1636 ——-—-

708 1711 753 1786 X.

313 1833 408 1898 Nunc
429 1832 515 1900 Iovis
536 1833 689 1981 incipiam
710 1854 821 1898 causas
842 1833 965 1918 aperire
985 1830 1108 1910 Feretri

357 1919 518 2002 Armaque
540 1917 579 1984 de
622 1918 733 1984 ucihue
755 1919 840 1983 trina
860 1939 931 1982 reae
953 1921 988 1983 ta
1007 1917 1121 1982 tribue.

314 2000 469 2082 Magnum
490 2002 551 2066 iter
565 2002 711 2086 ascendo,
735 2002 790 2067 sed
812 2002 867 2068 dat
923 2003 930 2015 '
958 2003 964 2015 '
988 2001 1092 2088 gloria
1113 2002 1217 2069 vires:

357 2080 435 2152 Non
454 2087 543 2152 iuvat
565 2108 582 2150 e
603 2086 691 2150 facili
712 2086 796 2152 lecta
818 2107 936 2150 corona
956 2087 1041 2172 iugo.

286 2167 439 2233 oImbuis
462 2170 642 2253 exemplum
663 2170 785 2254 primae
806 2175 853 2251 tu,
875 2170 1021 2254 Romule,
1044 2169 1172 2268 palmae

359 2251 472 2336 Huius,
495 2256 528 2318 et
548 2253 661 2320 exuuio
682 2254 795 2338 plenus
817 2253 858 2318 ab
879 2253 972 2319 hoste
991 2253 1085 2336 redis,
1316 2277 1317 2332 i

315 2335 472 2433 Tempore
493 2359 555 2421 quo
570 2341 680 2421 portas
695 2337 872 2412 Caeninum
887 2339 1029 2404 Aeronta
1049 2340 1220 2422 petentem
1316 2335 1317 2357 ¹

359 2419 471 2490 Victor
491 2421 527 2486 in
548 2443 693 2488 eversum
715 2422 844 2506 cuspide
865 2422 973 2488 fundis
995 2443 1121 2506 equum.

316 2505 425 2569 Acron
446 2504 786 2584 Herculeusilaenina
806 2506 920 2572 ductor
940 2507 981 2570 ab
1003 2527 1084 2589 aree,

268 2601 301 2650 10
356 2587 469 2670 Roma,
490 2589 553 2656 tuis
577 2589 737 2674 quondam
758 2589 874 2656 finibus
895 2589 1009 2658 horror
1029 2594 1111 2655 erat.

316 2672 378 2736 Hic
400 2672 503 2757 spolio
525 2695 563 2740 ex
584 2674 702 2740 umeris
724 2695 818 2740 ausus
842 2695 967 2759 sperare
990 2673 1115 2749 Quirini

359 2755 432 2840 Ipse
454 2754 549 2840 dedit
572 2757 715 2824 sednon
737 2759 892 2844 sauguine
914 2760 998 2823 sicca
1019 2777 1085 2822 suo.
1314 2803 1315 2836 3

187 2907 197 2924 ,
316 2840 414 2905 Hunc
433 2839 521 2908 videt
542 2844 617 2910 ante
637 2863 732 2910 cares
754 2841 924 2908 librantem
946 2841 1067 2926 spicula
1088 2846 1197 2908 turres
1314 2839 1315 2914 ζ

359 2923 514 2990 Romulus
537 2929 569 2990 et
590 2927 673 2994 votis
696 2930 831 3010 occupat
852 2930 926 2992 ente
947 2927 1039 2992 ratis:
1298 2927 1309 3006 i

270 3021 302 3072 ro
318 3007 492 3094 ‘Iuppiter‚
533 3009 613 3078 haec
648 3009 744 3076 hodie
784 3010 845 3076 tibi
860 3011 1010 3159 Arietima
1047 3015 1178 3076 corruet
1289 3015 1307 3066 ι’

892 3100 989 3161 cren!

359 3176 508 3262 Venerat,
531 3181 563 3244 et
579 3179 721 3262 spolium
749 3180 868 3246 corruit
887 3180 942 3244 ille
963 3177 1041 3244 Iovi.

317 3260 414 3326 Vrbis
436 3261 625 3346 virtutisque
645 3281 760 3347 parens
782 3263 829 3328 sic
849 3264 976 3328 vincam
998 3262 1110 3344 suerit,

360 3345 421 3420 Qui
442 3345 556 3411 tolita
578 3368 675 3431 parvo
697 3347 815 3446 frigida
837 3350 941 3413 metra
961 3346 1050 3412 Lare.
1312 3357 1313 3434 j

317 3428 407 3496 Idem
429 3451 524 3512 eques
546 3432 579 3496 et
599 3429 715 3515 frenis,
739 3431 824 3498 idem
843 3432 906 3496 fuit
925 3434 1018 3516 aptus
1040 3431 1168 3516 aratris,

268 3526 303 3576 20
359 3513 404 3580 Et
425 3514 518 3599 galea
538 3513 662 3583 hirsuta
684 3518 813 3600 compta
834 3516 944 3600 lupina
965 3514 1048 3580 iuba.
