2598 4136
416 195 629 253 1111111111.
964 209 1011 256 xv
1063 175 1069 184 ’

72 365 225 425 comesturis
240 365 502 424 11111111111111
518 365 580 424 sive
594 368 735 440 quattuor
750 371 818 426 ante
833 367 948 425 saecula
961 385 1012 424 na·

20 479 21 484 1
72 449 102 507 tis
113 468 146 508 ne
163 449 194 508 in
208 451 318 526 apertis
334 449 455 525 quidem
469 449 551 508 vitiis
566 449 665 508 locum
680 450 854 509 comederet
866 450 924 508 nisi
938 469 1012 525 ques

20 581 21 606 2
73 536 171 606 putaret
184 537 287 592 certas.
313 533 378 592 Hoc
392 532 554 592 instructos
569 533 700 594 subsidio
715 534 817 593 critico
832 533 1012 609 posteriores

73 618 96 674 et
107 636 181 691 posse
196 621 226 676 et
238 617 346 676 debere
358 617 418 674 iem
430 617 467 675 ad
478 616 661 678 emendanda
672 618 833 678 secundum
846 618 919 676 artis
929 618 1012 694 leges

74 699 165 759 Tibulli
180 703 290 776 scripte
310 701 447 760 accedere
464 701 529 776 ipse
550 701 582 759 11
602 701 704 760 eadem
724 702 907 778 praefatione
928 720 1011 778 aper-

20 799 21 824 2
73 784 165 844 tissime
179 785 349 858 declaravit,
362 785 414 843 ubi
427 784 462 843 de
477 785 560 844 tants
570 785 745 846 mendorum
760 785 951 846 multitudine
966 803 1012 844 re·

74 868 167 927 liutein
180 871 278 946 priore
290 871 375 944 parte
386 870 550 927 carminum
561 868 623 927 h.e.
632 888 725 945 usque
740 870 777 928 ad
787 869 881 942 111,4‚
892 871 931 930 65
944 888 1011 928 con-

74 953 192 1025 queritur.
217 952 358 1012 Oeterum
372 955 406 1011 ut
421 953 493 1012 olim
509 951 653 1030 Scaligeri
667 953 710 1012 ita
723 953 905 1013 Lachmanni
919 953 1012 1012 editio

20 1055 21 1058 ¹
74 1054 145 1107 paene
164 1037 264 1096 nocuit
277 1037 345 1112 plus
359 1055 448 1113 quam
467 1036 582 1112 profuit
596 1037 633 1094 ad
647 1055 748 1096 verum
764 1037 877 1096 Tibulli
892 1055 1012 1094 manum

73 1121 274 1180 restituendam.
305 1121 382 1179 Nam
396 1120 953 1196 11111111111111111111111111111
967 1139 1012 1178 ra-
1074 1127 1075 1130 ’

20 1261 21 1266 ,
72 1203 181 1264 tionibus
195 1206 258 1264 eius
273 1204 433 1264 intellectis
453 1222 521 1263 cum
535 1205 670 1280 plerique
685 1206 859 1265 statuissent
873 1203 1011 1266 omnibus

72 1305 146 1359 paene
164 1289 297 1348 numeris
319 1289 485 1348 absolutam
505 1289 666 1348 editionem
681 1289 753 1362 eius,
775 1289 845 1349 hinc
858 1307 929 1348 vero
944 1289 1012 1346 effe-

20 1417 22 1420 .
73 1375 135 1430 ctum
148 1376 179 1431 ut
193 1373 295 1448 stipsi
309 1373 426 1448 parcius
438 1392 526 1448 quam
541 1392 595 1449 par
609 1375 674 1432 erat
687 1373 807 1449 proprio
821 1373 1013 1450 indulgerent

72 1453 170 1530 ingenio
191 1460 222 1516 et
240 1458 375 1533 priorum
395 1457 566 1516 criticorum
586 1460 753 1517 commenta
772 1459 913 1534 pleraque
927 1458 1011 1516 11111

72 1538 117 1596 iam
129 1541 268 1600 haberent
281 1541 402 1600 honore.
418 1540 542 1600 Accedit
555 1541 634 1617 quod
646 1541 759 1600 Tibulli
773 1543 1012 1602 membranarum

73 1623 175 1684 aliaest
194 1625 327 1685 condicio
347 1644 436 1700 quam
452 1623 562 1684 Catulli
581 1626 631 1685 111
644 1625 809 1700 Propertii:
831 1645 901 1686 1111
920 1625 952 1684 11
965 1624 1012 1684 his
1033 1665 1039 1676 ·

73 1724 141 1782 saepe
154 1727 190 1768 ne
204 1710 296 1768 verba
310 1709 430 1784 quidem
445 1711 516 1768 sunt
528 1709 644 1781 Latina,
659 1712 694 1768 ut
707 1709 757 1767 111
770 1709 839 1768 hinc
852 1709 1012 1768 necessitas

73 1793 232 1852 1111111111
252 1793 409 1869 promendi
428 1793 508 1852 ultro
529 1811 559 1852 se
585 1793 705 1852 offerat·
730 1794 761 1850 et
780 1791 859 1866 apud
877 1791 1012 1863 Albium,

72 1875 146 1950 euius,
167 1878 191 1936 11
213 1896 280 1936 cum
298 1877 360 1936 illis
382 1877 570 1951 compararis,
592 1876 691 1935 minus
706 1875 837 1951 corrupti
852 1874 904 1935 sed
917 1875 1013 1950 magis

20 2025 21 2038 ,
70 1922 222 2035 interpolati
237 1962 309 2020 libri
324 1961 531 2036 antiquissimi,
554 1961 652 2018 fucata
666 1961 840 2050 plerumque
856 1959 952 2034 specie
967 1976 1012 2016 1ο-

69 2058 160 2102 norum
179 2045 357 2104 inducimur.
389 2045 468 2116 Quin
488 2064 523 2104 eo
543 2029 726 2106 reverentiae
747 2061 817 2120 erga
831 2042 1014 2102 Lachmanni

70 2129 224 2190 memoriam
251 2131 321 2188 sunt
341 2129 505 2206 progressi,
526 2131 562 2187 ut
580 2147 618 2188 ne
638 2127 873 2204 Frisingensium
893 2126 1013 2205 quidem

69 2215 280 2288 excerptorum
279 2220 353 2288 quiae
378 2213 570 2288 vulgatorum
595 2212 729 2272 codicum
758 2215 885 2274 aetatem
914 2209 1012 2270 CCCC

20 2327 21 2332 κ
70 2295 140 2354 annis
159 2299 300 2373 superant
318 2295 474 2370 lectiones,
495 2297 585 2372 longe
604 2297 671 2356 illas
693 2296 831 2356 meliores
851 2295 930 2354 haud
946 2313 1013 2353 raro

69 2381 179 2455 receptis
199 2382 291 2458 vulgo
312 2384 344 2440 et
365 2381 402 2440 ab
423 2381 505 2440 omni
523 2380 754 2456 interpolatione
773 2379 929 2451 immunes,
946 2379 1015 2453 quia

70 2463 342 2524 seriusLachmenno
357 2466 559 2538 innotuerant,
575 2465 732 2524 admittere
744 2465 887 2524 auderent
896 2465 928 2522 in
937 2462 1015 2522 ordi·

69 2562 127 2606 nem
138 2551 307 2608 verborum.
336 2549 432 2608 Huius
452 2549 496 2608 rei
510 2549 727 2625 amplissimum
742 2549 910 2624 exemplum
923 2547 1015 2606 habes

69 2629 214 2692 editionem
233 2633 346 2692 Tibulli
366 2653 455 2710 quam
470 2634 585 2693 curavit
599 2633 763 2707 Disaenius,
779 2634 830 2708 qui
844 2632 1014 2708 praecepto·

68 2713 107 2770 ris
118 2718 158 2775 sui
168 2718 279 2794 Heymii
294 2719 384 2777 nimis
398 2735 512 2776 memor
523 2717 575 2777 sed
588 2721 703 2778 mutata
716 2720 889 2793 temporum,
900 2713 1015 2772 ratione

68 2799 167 2860 multus
180 2802 239 2861 fuit
253 2802 285 2860 11
299 2801 431 2878 pulchrit
418 2801 519 2860 tudine
533 2802 615 2862 illius
631 2802 795 2860 carminum
812 2800 1015 2858 demonstran·

69 2879 115 2938 da·
109 2887 253 2944 ·oeterum
263 2885 300 2944 ad
314 2885 592 2960 interpretationem
606 2903 720 2961 parum,
728 2885 765 2943 ad
778 2883 1016 2944 emendationem

68 2963 286 3054 nihilprofuisse
300 2969 462 3028 censendus
474 2971 580 3028 est-—
538 2969 674 3040 —Quae
689 2988 756 3028 cum
770 2970 812 3028 ita
827 2968 887 3027 1111
901 2966 959 3024 ad
951 2983 1017 3040 ipsa

67 3047 123 3108 1111
135 3039 282 3128 scriptoris
297 3055 389 3114 verba
401 3055 596 3112 transeamus.

125 3182 522 3264 transcurrerem,
538 3205 599 3247 exc
611 3187 689 3259 Par,
705 3183 863 3245 Diomedes
878 3201 928 3260 pg.
944 3182 1016 3252 481,

65 3268 83 3323 l·
98 3285 202 3345 mayoc
214 3271 315 3332 ABG.
344 3273 393 3332 Ita
411 3273 444 3331 11
459 3271 513 3334 Or.
530 3291 587 3330 am.
603 3269 665 3344 HI,
682 3231 737 3343 lb,
755 3269 793 3326 12
808 3267 898 3328 habet
911 3267 1016 3364 Palati-

64 3367 118 3411 nus
134 3356 241 3428 primus
255 3359 358 3434 tepora
367 3375 466 3431 porco
479 3374 533 3432 pro
543 3373 651 3430 pecco.

125 3472 163 3532 ib.
179 3477 206 3550 1,
222 3477 241 3534 5
256 3475 418 3551 vitelliis,
434 3493 495 3534 exc.
511 3474 589 3558 Par,
604 3475 679 3536 11111
693 3473 758 3534 cdd.
775 3472 841 3532 Tib.
