2632 4140
590 225 783 284 proruam
1106 229 1170 300 [vr.

655 417 716 492 ul.

268 537 344 604 Non
366 541 412 605 ita
433 539 625 637 conplebant
645 539 812 624 Ephyreae
833 538 950 604 Laidos
971 539 1079 624 aedes,

309 623 363 688 Ad
384 624 473 688 cuius
493 624 591 688 iacuit
613 623 746 689 Graecia
765 627 836 689 tote
856 624 955 707 fores,

267 705 374 772 'llurba
394 707 605 774 Menandreae
625 709 730 772 fuerat
748 728 808 773 nec
829 707 969 772 Thaidos
991 707 1069 772 olim

310 790 427 872 Tanta,
448 792 484 856 in
505 812 569 876 qua
588 792 725 878 populus
746 792 825 856 lusit
844 790 1088 874 Erichthonius,

239 872 340 940 tNec
360 897 441 960 quae
462 875 583 940 deletas
627 876 709 939 otuit
729 896 910 960 conponere
931 873 1073 958 Thebas,

310 957 437 1044 Phryne
458 963 525 1024 tam
545 981 579 1024 m
613 959 656 1023 tis
676 959 763 1024 iacta
782 960 877 1024 beata
896 959 982 1024 viris.

267 1041 352 1118 Quin
373 1043 469 1108 etiam
489 1043 589 1108 falsos
610 1043 705 1130 lingis
725 1043 786 1108 tibi
807 1063 901 1127 saepe
923 1042 1134 1128 propinquos,

311 1125 428 1192 Oscula
447 1148 508 1192 nec
529 1127 644 1193 desunt
665 1127 720 1211 qui
739 1126 800 1192 tibi
821 1127 889 1192 iure
910 1127 1025 1192 ferant.

143 1262 159 1296 p
267 1208 320 1274 Mc
340 1210 490 1276 iuvenum
509 1212 613 1296 pictae
635 1211 748 1294 facies,
769 1231 821 1275 me
842 1211 975 1276 nomina
994 1209 1142 1288 laedunt,

84 1261 177 1331 (W
219 1307 251 1355 10
306 1292 360 1358 Me
380 1297 472 1359 tener
491 1295 527 1359 in
548 1295 638 1360 cunis
661 1298 694 1358 et
714 1295 783 1360 sine
804 1315 882 1360 voce
902 1315 996 1378 puer,

266 1375 320 1441 Me
341 1377 455 1462 laedit,
478 1378 506 1442 si
526 1379 628 1442 multa
647 1379 709 1443 tibi
729 1378 818 1444 dedit
838 1379 948 1443 oscula
967 1381 1087 1461 mater,

308 1461 362 1527 Me
383 1481 474 1526 soror
495 1464 620 1527 etcum
642 1483 722 1546 ques
743 1462 861 1528 dormit
881 1462 983 1528 amics
1004 1462 1114 1527 simul:

267 1543 383 1610 Omnia
396 1567 447 1610 me
462 1545 605 1611 laedunt:
627 1546 757 1611 timidus
772 1568 843 1611 sum
859 1547 1004 1632 (ignosce
1017 1545 1140 1630 timori)

309 1627 354 1694 ut
374 1630 470 1694 miser
492 1630 527 1694 in
546 1629 656 1696 tunica
676 1631 819 1728 suspicor
840 1652 909 1696 esse
929 1630 1041 1695 virum.

221 1725 252 1774 rc
266 1711 327 1777 His
349 1713 443 1799 olim,
465 1717 503 1778 ut
521 1714 653 1798 tameat,
674 1715 761 1778 vitius
782 1715 823 1779 ad
844 1715 966 1799 proelia
985 1715 1163 1799 ventumst,

307 1795 368 1862 His
389 1797 527 1864 'liciano
547 1798 636 1864 vides
657 1798 769 1863 itinera
789 1799 965 1884 principiis.

264 1880 310 1946 Aa
334 1903 387 1946 era
408 1881 585 1948 Centauros
607 1881 717 1948 eadem
739 1882 898 1947 dementia
918 1883 1011 1947 iussit

306 1903 467 2052 lrangere
488 1968 524 2032 in
544 1967 711 2032 adversum
731 1967 848 2051 pocula
868 1965 1055 2031 Pirithoum.

266 2045 331 2114 (lur
345 2051 489 2135 exempla
502 2053 609 2135 petam
625 2049 779 2116 Graium?
801 2054 838 2116 tu
858 2050 999 2116 oriminis
1014 2052 1141 2134 auctor,

216 2145 249 2194 20
305 2131 453 2198 Nutritus
475 2135 586 2218 durae,
608 2133 760 2218 Romule,
782 2136 864 2200 lacte
885 2135 918 2198 lu
941 2156 994 2198 ae:

265 2215 313 2280 Tu
334 2238 446 2301 rapere
467 2218 603 2284 intactas
624 2218 761 2284 docuisti
782 2220 903 2306 inpune
918 2157 1074 2284 labina:

305 2299 368 2365 Per
389 2305 421 2366 te
442 2323 528 2367 nunc
548 2301 669 2368 Romae
691 2303 848 2388 quidlibet
872 2303 966 2368 audet
985 2303 1095 2366 Amor.

263 2383 354 2449 Felix
375 2385 505 2451 Admeti
527 2386 667 2452 coniunx
687 2392 720 2452 et
740 2387 841 2453 lectus
864 2385 982 2470 Vlixis,

305 2467 351 2532 Et
372 2491 585 2554 quaecumque
606 2471 666 2536 viri
687 2471 809 2536 femina
829 2472 927 2536 limen
948 2473 1041 2535 amat

214 2563 248 2614 25
262 2549 395 2636 Templa
415 2553 590 2618 Pudicitiae
612 2555 688 2640 quid
710 2576 729 2620 ฮฟ
752 2577 790 2620 us
812 2555 960 2620 statuisse
1003 2554 1113 2638 uallis,

307 2635 341 2701 Si
363 2637 463 2702 cuivis
484 2641 603 2760 nuppae
625 2577 781 2723 quidhiet
801 2661 871 2704 csse
891 2576 1002 2704 teeti

675 2771 694 2810 *
798 2724 817 2763 t

264 2819 350 2896 Quae
371 2842 485 2886 manus
507 2821 680 2888 obscaenas
702 2824 847 2910 depinxit
866 2825 970 2909 prima
989 2823 1126 2890 tabellas

304 2903 478 2990 reposuit
499 2911 588 2972 casta
608 2907 715 2992 turpia
736 2909 805 2974 risa
825 2909 935 2992 domo,

262 2987 323 3054 Illa
343 2989 520 3074 puellarum
541 2991 698 3078 ingenuos
720 2993 862 3078 corrupit
883 2992 1001 3057 ocellos

212 3086 247 3137 su
303 3072 535 3160 Nequitieeque
556 3097 631 3142 suae
652 3076 757 3150 noluit
778 3098 846 3142 esse
866 3075 971 3140 rudes.

262 3160 293 3224 A
338 3161 436 3255 emat,
459 3158 494 3222 in
514 3159 609 3257 terris
628 3159 691 3226 iste
709 3161 763 3257 qui
806 3161 919 3259 rotulit
939 3161 1007 3224 erte

261 3324 294 3392 N
295 3263 359 3390 01ยน1u
358 3242 824 3424 ffitaissdlimtwvlatiialroairdmltecta
832 3248 969 3414 ยน5digitis:

304 3407 385 3474 'lum
405 3431 511 3495 panes
532 3411 621 3533 apello
645 3413 776 3479 crimine
790 3413 901 3538 pictus
923 3415 1000 3478 erat.

667 3545 687 3584 8
