2628 4116
519 161 731 218 PRAEFATIO.
992 173 1106 224 nxxm

125 329 234 388 Elisio
255 330 358 388 tamen
379 329 452 404 quin
470 332 540 404 post
554 348 619 388 eam
633 328 758 403 incidat,
779 329 855 388 nihil
876 329 976 390 obstat
989 331 1048 390 nisi
1061 349 1106 390 ar-

128 433 212 472 cana
225 415 276 472 lex
290 412 408 488 pulchri
425 407 487 492 [17,
502 409 533 492 4]
547 437 554 472 ι

269 534 307 573 ne
321 514 445 590 supinus
460 517 509 573 eat
523 533 648 590 cavaque
662 518 695 578 in
708 516 817 594 palude
830 517 993 576 recumbat.

130 617 241 692 Atque
255 617 299 674 ita
312 617 360 675 ter
376 610 438 694 [11.
457 616 507 674 24.
524 611 588 695 26].

203 701 257 758 XI.
279 718 383 761 versus
398 699 575 776 asclepiadei
589 702 716 762 maiores
734 697 770 780 [c.
787 695 839 780 30]

366 799 875 866 n.aovslrvualnvvnv2

132 885 173 945 Id
196 888 328 944 metrum
347 885 487 946 binorum
507 904 649 945 versuum
669 888 839 964 systematis
855 885 1042 962 Sapphonsm
1058 903 1105 944 ae-

132 971 273 1030 mulatus
293 969 455 1045 dispescuit
475 968 621 1030 Catullus.
664 969 803 1030 Videnda
821 989 896 1046 quac
917 989 1013 1046 nuper
1032 970 1104 1029 dixi·

132 1073 207 1114 mus
221 1055 255 1112 in
267 1053 362 1128 praef.
377 1053 451 1112 Hor.
466 1072 516 1130 pg.
534 1055 574 1113 65
602 1056 652 1114 66.

203 1137 330 1196 Numeri
350 1137 512 1198 duriusculi
532 1141 564 1196 ot
584 1138 694 1198 omissa
712 1138 871 1214 abquando
893 1156 1014 1198 caesura
1036 1141 1107 1216 post

131 1224 268 1300 primam
281 1223 401 1298 partem
414 1239 468 1280 nec
482 1221 580 1282 minus
595 1225 665 1299 post
678 1223 813 1282 alteram.

203 1323 272 1384 XII.
295 1325 428 1400 systema
443 1341 515 1400 sapp
538 1323 544 1336 ‘

204 1807 330 1870 Constat
343 1828 432 1870 versu
453 1809 593 1888 sapphico
613 1810 862 1886 hendecasyllabo
878 1813 909 1869 et
923 1811 1039 1871 adonio.
1068 1811 1106 1873 In

134 1897 193 1955 illo
206 1895 383 1954 trochaeum
396 1895 486 1955 habes
501 1895 630 1954 secunda
645 1895 714 1954 sede
731 1897 780 1967 11,
793 1897 821 1953 6.
834 1895 883 1953 15.
900 1894 950 1970 51,
968 1897 1017 1954 13.
1033 1894 1104 1956 Cae-

135 1999 210 2040 sura
222 1979 328 2039 incidit
342 1997 395 2040 seu
408 1981 479 2054 post
492 1981 606 2040 sextam
621 1978 770 2056 syllabam

342 2080 394 2139 ille
408 2081 450 2139 mi
463 2099 518 2156 par
533 2097 598 2141 esse
617 2075 622 2158 Ι
641 2079 696 2139 deo
711 2079 832 2140 videtur

136 2182 203 2242 sive
217 2183 286 2258 post
300 2181 435 2256 quintam

342 2283 395 2340 ille
409 2283 435 2341 si
448 2282 493 2342 fas
509 2284 555 2344 est
573 2278 579 2362 Ι
598 2301 738 2358 superare
755 2281 848 2343 divos.

202 2383 315 2442 Eadem
329 2383 467 2460 neglecta
484 2385 532 2457 11,
546 2385 575 2444 6.
589 2386 617 2442 7.
632 2385 681 2442 11.
704 2383 848 2460 Rhythmi
863 2383 912 2443 vel
926 2384 959 2442 in
972 2383 1028 2444 hoc
1042 2404 1103 2444 me-

135 2473 189 2527 tro
203 2470 250 2528 est
263 2469 316 2526 ubi
330 2465 514 2544 displiceant.
544 2465 709 2527 IllisIonem
730 2467 891 2544 synaphiae
907 2469 971 2526 iure
985 2469 1102 2528 institu-

134 2556 202 2612 tam
215 2554 285 2628 post
298 2553 435 2610 ultimam
445 2571 549 2613 versus
560 2551 800 2628 hendecasyllabi
815 2555 931 2628 partem
945 2552 1035 2611 habes
1053 2556 1102 2626 11,

137 2639 190 2696 19.
207 2637 257 2694 22.
297 2635 334 2694 In
358 2636 463 2695 eodem
488 2637 630 2712 opusculo
656 2637 750 2696 semel
774 2636 841 2712 pari
863 2636 1034 2696 condicione
1060 2637 1102 2696 di·

135 2721 228 2780 ducta
243 2739 301 2782 vox

266 2821 413 2881 Gallicum
427 2822 565 2880 Rhenum
578 2822 723 2882 horribile
738 2839 849 2898 aequor
863 2822 920 2880 ulti
939 2853 973 2864 -

264 2925 388 2982 mosque
403 2907 573 2966 Britannos.

200 3007 285 3066 XIII.
308 3008 465 3082 galliambi,
480 3002 515 3086 [c
533 3002 596 3086 63].

199 3108 241 3166 Hi
256 3125 273 3165 a
286 3107 376 3184 gallis
396 3107 597 3168 sacerdotibus
619 3105 749 3185 Cybelae
769 3109 886 3166 traxere
901 3125 1012 3166 nomen
1026 3107 1102 3168 eius·

133 3211 194 3269 que
209 3192 333 3252 fuerimt
345 3192 484 3252 laudibus
504 3191 642 3251 dedicati.
674 3192 752 3251 Sunt
768 3195 868 3250 autem
884 3190 919 3250 da
935 3209 1044 3268 genere
1059 3194 1101 3252 io-

132 3278 271 3338 nicorum
291 3297 309 3335 a
327 3277 446 3336 minori.
486 3275 573 3334 Vnde
594 3277 766 3350 principalis
787 3293 890 3335 eorum
911 3277 1023 3353 species
1044 3277 1103 3334 fuit

130 3361 207 3422 haec
224 3359 306 3439 (nam
321 3361 446 3420 ultimus
460 3379 513 3436 pes
529 3357 729 3437 catalecticus)

373 3455 828 3511 υυιιψυιιυυιιυνέ

184 3577 316 3620 mmmm
888 3555 903 3607 f
