2636 4146
93 180 176 256 vm]
476 185 584 238 omna
604 185 666 240 1111.
1014 182 1053 248 73

93 343 155 408 Tur
179 346 241 426 est,
257 344 341 428 quod
355 366 395 408 ne
418 367 509 429 ueas‚
526 347 622 430 capiti
637 347 824 411 conmittere
838 347 964 431 pondus
1036 359 1053 408 o

132 367 176 494 di
197 449 342 512 pressum
363 429 374 492 i
421 450 480 493 exo
502 451 576 494 mox
599 430 672 495 dare
694 433 786 516 terga
807 451 902 516 genu.

93 511 207 581 Omnia
228 533 295 576 non
316 513 435 598 pariter
457 535 563 578 rerum
585 519 661 578 sunt
682 513 828 578 omnibus
851 517 940 598 apta,

103 609 104 612 ’
132 595 231 660 Fama
251 618 311 661 nec
333 619 372 661 ex
394 617 494 682 aequo
517 598 642 662 ducitur
662 599 729 662 ulla
749 599 834 684 iugo

93 679 203 756 Gloria
223 681 300 764 Lysi
322 684 398 764 post
418 681 561 746 animosa
583 681 745 768 effingere*
757 682 865 768 signa,

131 763 262 830 Exactis
312 765 422 830 alamir
445 787 479 829 se
500 763 579 830 mihi
600 767 698 831 iactat
718 767 824 851 equis,
1021 779 1053 828 10

91 847 129 912 In
150 847 285 912 Veneris
306 849 416 914 tabula
437 871 594 914 summam
616 849 678 914 sibi
698 852 791 934 ponit
811 850 957 934 Apelles,

132 931 319 996 Parrhasius
341 955 437 1016 parva
457 934 599 998 vindicat
620 937 688 1006 arte
710 935 830 1017 locum,

93 1017 292 1100 Argumenta
312 1018 416 1102 magis
439 1021 514 1082 sunt
534 1017 690 1082 Mentoris
712 1017 819 1082 addita
839 1017 977 1102 formae,

133 1102 178 1164 At
199 1099 292 1184 Myos
314 1101 463 1186 exiguum
483 1101 584 1166 flectit
605 1101 757 1168 acanthus
779 1103 856 1186 iter,
968 1137 969 1140 ¹

90 1181 260 1249 Phidiacus
282 1184 375 1270 signo
398 1184 596 1282 seIuppiter
618 1189 711 1250 ornat
732 1186 866 1270 eburno,
1021 1195 1052 1246 lo

24 1325 25 1328 ,
131 1267 316 1333 Praxitelen
336 1289 465 1352 propna
486 1269 628 1334 vindieat
648 1269 726 1334 urbe
748 1269 839 1354 lapis.

91 1350 151 1415 Est
173 1352 287 1436 quibus
308 1352 406 1418 Eleae
428 1354 590 1418 concurrit
609 1353 718 1438 palma
738 1353 925 1439 quadrigae,

131 1435 194 1500 nst
216 1435 329 1520 quibus
350 1436 386 1500 in
407 1437 526 1536 celeres
545 1439 649 1524 gloria
669 1441 747 1504 nata
767 1437 878 1522 pedes3

91 1517 152 1583 Hic
176 1522 263 1586 satis
285 1520 324 1584 ad
344 1541 471 1605 pacem,
493 1521 546 1586 hic
568 1523 781 1588 castrensibus
801 1521 889 1586 utilis
912 1521 1023 1586 armis:
1147 1594 1149 1599 ,

131 1603 274 1669 Naturae
296 1605 438 1690 sequitur
460 1605 581 1686 semina
603 1607 735 1690 quisque
758 1627 842 1670 suae.
1020 1617 1054 1666 20

92 1689 136 1750 At
157 1689 228 1770 tua,
251 1687 434 1771 Maecenas,
456 1689 540 1752 vitae
561 1693 730 1774 praecepta
750 1689 872 1773 recepi,

24 1813 25 1840 ;
133 1770 243 1856 Cogor
264 1776 296 1836 et
314 1772 469 1856 ,exemplis
490 1775 524 1836 te
545 1794 693 1856 superare
714 1773 788 1837 tuis.

24 1921 25 1938 1
93 1854 175 1919 Cum
197 1855 257 1920 tibi
278 1855 423 1920 Romano
446 1855 590 1921 dominas
612 1857 647 1920 in
667 1855 788 1920 honore
810 1876 935 1920 secures

24 1943 25 2020 ἶ
133 1939 181 2003 Et
200 1939 296 2006 liceat
316 1939 421 2003 medio
443 1961 563 2024 ponere
583 1941 653 2004 iura
674 1941 759 2022 foro,

91 2021 150 2087 Vel
174 2023 235 2087 tibi
255 2022 422 2088 Medorum
443 2045 605 2109 pugnaces
626 2025 673 2089 ire
693 2045 751 2108 per
771 2023 879 2088 hastas
1021 2035 1053 2086 ἰε

132 2108 241 2190 Atque
262 2128 394 2172 onerare
414 2109 503 2173 tuam
524 2109 587 2173 fixa
607 2129 665 2192 per
686 2129 775 2172 arma
796 2107 940 2191 domum,

92 2189 133 2255 Et
153 2191 215 2256 tibi
237 2190 277 2255 ad
298 2191 445 2256 effectum
467 2192 550 2257 vires
573 2193 627 2258 det
648 2189 765 2258 Caesar
787 2196 819 2257 et
840 2193 928 2258 omni

132 2275 290 2359 Tempore
311 2279 379 2340 tam
400 2275 511 2340 faciles
532 2277 737 2342 insinuentur
759 2297 850 2360 opes,

91 2357 200 2424 Parcis
223 2361 256 2424 et
275 2359 311 2423 in
331 2363 443 2424 tenues
464 2359 617 2425 humilem
638 2362 671 2424 te
693 2361 818 2444 colligis
840 2360 984 2424 umbras:

131 2441 292 2541 Velorum·
307 2443 420 2528 plenos
440 2443 600 2509 subtrahis
622 2445 691 2528 ipse
713 2443 812 2508 sinus.
1022 2456 1055 2506 eo

24 2543 26 2616 l
92 2525 193 2591 Crede
214 2525 309 2611 mihi,
331 2548 466 2625 magnos
488 2528 670 2612 aequabunt
690 2528 754 2592 ista
775 2526 928 2594 Camillos

24 2635 25 2688 f
131 2609 257 2676 Iudicia
277 2615 311 2676 et
331 2633 439 2676 vernes
460 2615 496 2677 tu
519 2633 643 2697 quoque
659 2613 699 2689 'in
721 2633 778 2676 ora
799 2612 916 2694 virum,

24 2703 25 2762 l
91 2694 236 2760 Caesaris
259 2697 292 2760 et
311 2695 415 2760 famae
437 2697 574 2781 vestigia
595 2698 704 2762 iuncta
723 2696 862 2762 tenebis:

24 2779 26 2862 ἶ
130 2779 328 2844 Maecenatis
350 2782 444 2844 erunt
464 2801 539 2844 vera
559 2784 692 2864 tropaea
711 2781 799 2846 fides.

24 3451 27 3608 l

89 2860 167 2928 Non
189 2884 250 2947 ego
273 2863 404 2928 velifera
423 2863 580 2928 tumidum
598 2885 687 2932 mare
708 2864 795 2928 findo
818 2863 940 2926 carina:
1021 2875 1055 2925 aa

132 2947 220 3012 ‘Puta
241 2947 300 3012 sub
323 2948 439 3033 exiguo
460 2947 592 3012 flumine
612 2949 723 3011 nostra
743 2949 874 3011 morast.

89 3028 166 3096 Non
187 3030 271 3095 flebo
293 3031 329 3096 in
350 3031 472 3096 cineres
494 3053 599 3096 arcem
622 3030 741 3096 sedisse
762 3032 914 3116 paternos

131 3113 247 3179 Cadmi
267 3136 328 3180 nec
350 3119 473 3200 septem
493 3116 615 3200 proelia
636 3115 725 3180 clade
746 3115 830 3200 pari,

88 3197 120 3264 N
123 3219 162 3262 ec
184 3199 321 3264 referam
343 3198 458 3265 Scaeas
480 3203 514 3265 et
533 3199 690 3286 Pergama
710 3197 873 3284 Apollinis
895 3219 997 3283 arces,

129 3281 178 3349 Et
195 3280 347 3370 Danaum
368 3284 491 3349 decimo
512 3305 586 3348 vere
606 3281 727 3348 redisse
747 3287 847 3365 rates,
1021 3295 1054 3344 40

86 3362 219 3431 Moenia
240 3367 433 3433 cum‘Craio
453 3367 618 3452 septima
638 3368 756 3452 pressit
777 3370 881 3432 aratro

152 3449 266 3516 Victor
287 3450 448 3518 Palladiae
470 3453 595 3538 ligneus
618 3451 695 3516 artis
717 3472 826 3537 equus.
