2628 4116
11 96 240 270 vr„duumuir
497 181 615 239 ursus.

163 343 295 422 Amicos
317 342 519 428 medicosque
541 347 731 411 convocate:

162 426 239 492 Non
261 431 312 492 est
333 449 414 491 sono
433 429 547 511 puelle.
576 447 637 493 neo
657 433 786 516 rogote,

162 511 274 588 Qualis
298 512 355 576 sit:
379 511 463 576 solet
484 531 552 576 esse
573 513 763 598 imaginose

488 641 638 652 -..—...

468 725 650 800 XXXXH.

162 849 301 932 Adeste,
323 846 597 944 heudecssyllsbi‚
620 852 698 931 quot
719 851 795 916 estis

36 961 39 966 ·
163 932 285 998 Omnes
306 931 460 1014 mirque,
483 936 640 1016 quotquot
661 935 738 998 estis
761 955 880 1002 omnes.

161 1016 276 1082 Iocum
296 1037 348 1080 me
369 1019 463 1099 putet
484 1037 553 1080 esse
574 1017 707 1082 moecha
728 1020 830 1102 turpis

160 1101 208 1166 Et
228 1104 327 1185 negat
348 1099 428 1163 mihi
448 1103 559 1164 nostra
580 1100 773 1166 reddituram
991 1153 992 1156 η

161 1185 354 1270 Pugillaris,
377 1183 404 1248 si
424 1185 493 1268 poti
514 1184 657 1268 potestis.
1026 1199 1043 1250 t

160 1267 393 1352 Persequamur
415 1289 499 1351 eam,
521 1272 556 1332 et
575 1268 799 1354 reflegitemus.

162 1352 252 1428 Quse
274 1353 330 1435 sit,
353 1352 514 1436 quaeritis.
543 1352 613 1436 ille,
635 1375 729 1437 quem
751 1355 865 1419 videtis

161 1435 270 1520 Turpe
291 1435 453 1520 incedere,
475 1437 602 1501 mimice
624 1459 661 1502 sc
682 1439 815 1503 moleste

160 1519 334 1584 Ridentem
356 1520 452 1584 catuli
474 1540 528 1584 ore
550 1519 717 1586 Gallicani.

161 1602 395 1670 circumsistite
416 1625 501 1686 eam,
524 1607 557 1668 et
576 1605 632 1670 refl
678 1607 767 1690 tote,
1009 1623 1044 1671 10

123 1693 147 1798 ῃ
163 1687 319 1752 ‘Moecha
338 1687 462 1772 putido,
485 1688 581 1752 redde
603 1709 640 1754 co
666 1691 781 1772 ‘cillos,

160 1771 290 1854 Redde,
311 1771 423 1856 putide
442 1771 593 1856 moecha,
617 1774 802 1838 codicillos)

160 1855 239 1920 Non
261 1857 340 1920 assis
361 1856 464 1920 fecis?
485 1878 505 1920 o
527 1857 646 1940 lutum,
667 1859 817 1942 luponem,

160 1941 231 2003 Aut
253 1940 281 2003 si
300 1940 454 2024 perditius
475 1944 584 2025 potest
605 1941 680 2025 quid
702 1962 780 2005 esse.
928 1978 931 1984 ·

160 2021 226 2088 Sed
248 2043 315 2088 non
336 2027 511 2088 esttamen
532 2024 594 2089 hoc
616 2026 694 2090 setis
714 2025 901 2110 putendum.
1009 2043 1042 2091 rs

160 2106 257 2182 Quod
278 2108 393 2172 sinon
414 2108 500 2172 aliud
520 2112 644 2194 potest,
666 2111 814 2175 ruborem

159 2191 279 2256 Ferreo
302 2192 390 2256 osnis
412 2193 625 2276 exprimemus
648 2215 711 2260 ore.

161 2273 368 2341 Conclamete
390 2277 505 2341 iterum
527 2277 642 2342 altiore
661 2299 739 2344 voce

160 2358 318 2424 ‘Moecha
336 2360 461 2444 putide,
483 2359 579 2426 redde
602 2362 780 2445 codicillos,

158 2441 287 2526 Redde,
308 2444 419 2528 putide
439 2445 588 2529 moecho,
610 2446 796 2513 codicillos?
1008 2461 1042 2511 20

159 2527 225 2593 Sed
247 2527 294 2592 nil
315 2529 512 2612 proficimus,
535 2529 618 2594 nihil
637 2535 792 2596 moretur.

158 2610 348 2676 Mutandust
368 2614 449 2677 ratio
472 2611 646 2698 modusque
668 2615 759 2680 vobis
765 2665 774 2698 ‚

160 2695 275 2778 Siquid
296 2697 448 2779 proficere
470 2698 605 2781 emplius
627 2701 776 2782 potestis,

158 2779 300 2843 ‘Pudice
322 2784 354 2844 et
373 2781 488 2866 proba,
510 2781 606 2846 redde
630 2783 818 2849 codicillos?

455 2988 656 3071 XXXXIH.
719 3017 723 3027 ’

159 3116 273 3198 Salve,
294 3137 353 3181 nec
374 3117 505 3183 minimo
527 3120 633 3202 puelle
654 3141 732 3183 naso

158 3201 231 3266 Nec
254 3200 338 3264 bello
360 3201 440 3284 pede
461 3224 520 3267 nec
541 3203 644 3287 nigris
667 3203 776 3266 ocellis

157 3283 230 3350 Neo
253 3284 360 3369 longis
383 3285 490 3383 digitis
512 3307 572 3350 nec
594 3307 648 3349 ore
670 3287 754 3350 sicco

156 3367 193 3434 N
194 3390 230 3433 ec
254 3389 331 3433 sane
351 3369 447 3434 nimis
470 3371 616 3453 elegante
637 3369 763 3454 lingua,

155 3452 348 3518 Decootoris
372 3453 473 3518 emico
494 3452 669 3518 Formiani.
1028 3467 1044 3514 s
